1657 2526
273 53 445 88 Al’vffll
473 53 935 89 METAMORPHOSEoN
965 54 1051 88 Lm.
1075 53 1132 97 xi,
1160 59 1191 89 ο.
1214 57 1230 88 τ
1347 55 1424 97 271

15 128 80 154 oud.
1443 127 1468 152 1,·

81 180 164 218 sus,
209 168 248 204 et
292 179 378 205 cum
423 166 598 216 spatium
642 167 787 205 saeculi
831 167 891 204 tui
934 179 1160 216 permensus
1198 166 1247 205 ad
1285 168 1431 205 inferos
1452 175 1505 200 209

80 226 285 274 demearis,
318 226 374 263 ibi
407 238 561 275 quoque
594 225 634 263 in
667 226 753 275 ipso
780 225 1035 264 subterraneo
1063 225 1332 264 semirutundo
1359 240 1431 275 me,

81 298 199 335 quam
230 285 360 336 uides,
398 285 632 323 Acherontis
665 285 835 323 tenebris
868 285 1168 323 interlucentem
1202 285 1431 335 Stygiisque

80 344 348 394 penetralibus
380 346 626 395 regnantem,
658 357 817 393 campos
850 344 1005 393 Elysios
1030 344 1205 382 incolens
1231 344 1326 394 ipse,
1358 345 1429 382 tibi

79 404 294 454 propitiam
345 405 528 452 frequens
579 403 774 442 adorabis.
846 403 985 453 quodsi
1036 402 1181 442 sedulis
1231 404 1430 453 obsequiis
1469 411 1483 436 5

81 466 119 502 et
161 462 359 514 religiosis
403 463 633 502 ministeriis
677 465 717 501 et
757 463 963 501 tenacibus
1005 462 1248 501 castimoniis
1288 476 1429 501 numen

80 525 258 561 nostrum
297 523 578 572 promerueris,
616 524 714 560 scies
753 522 862 560 ultra
900 524 1052 560 statuta
1082 523 1167 561 fato
1200 524 1268 560 tuo
1301 523 1432 571 spatia

11 588 61 615 7⁶7
80 583 204 620 uitam
238 594 394 632 quoque
425 582 501 620 tibi
531 594 745 632 prorogare
777 582 876 620 mihi
907 583 1064 620 tantum
1095 579 1240 619 licere.'

168 641 232 679 Sic
277 642 427 680 oraculi
470 642 710 681 uenerabilis
747 641 823 680 fine
860 637 1017 691 prolato
1055 654 1199 679 numen
1237 642 1430 679 inuictum
1461 663 1470 680 a

78 702 120 738 in
151 713 191 740 se
223 701 394 740 recessit.
457 714 527 739 nec
559 713 687 750 mora,
726 714 813 739 cum
846 713 982 739 somno
1014 701 1195 750 protinus
1228 700 1430 739 absolutus
1453 709 1485 733 ¹0

77 772 226 811 pauore
260 762 297 798 et
329 761 475 811 gaudio
507 772 552 799 ac
584 760 673 798 dein
707 760 847 799 sudore
879 761 1002 799 nimio
1034 761 1250 810 permixtus
1285 773 1431 811 exurgo

79 833 308 869 summeque
341 820 508 858 miratus
541 820 635 859 deae
667 821 842 869 potentis
869 823 950 858 tam
977 819 1126 858 claram
1152 819 1432 869 praesentiam,

78 879 231 918 marino
274 892 361 918 rore
406 892 606 930 respersus
644 879 879 930 magnisque
919 876 1096 929 imperiis
1135 881 1217 917 eius
1256 880 1431 918 intentus

77 940 306 978 monitionis
357 939 534 978 ordinem
584 939 816 978 recolebam.
880 952 949 977 nec
992 952 1121 987 mora,
1172 952 1259 977 cum
1304 940 1430 977 noctis

78 1001 188 1037 atrae
225 999 364 1049 fugato
403 998 539 1037 nubilo
578 998 637 1037 sol
673 999 830 1050 exurgit
862 1010 1022 1047 aureus,
1061 1001 1100 1037 et
1133 1011 1220 1037 ecce
1251 997 1429 1037 discursu
1451 1007 1482 1031 1-‘·

77 1058 261 1109 religioso
306 1071 350 1096 ac
394 1071 557 1108 prorsus
595 1058 832 1108 triumphali
870 1058 1052 1096 turbulae
1091 1059 1290 1107 complent
1326 1060 1431 1096 totas

77 1118 249 1167 plateas,
294 1120 488 1167 tantaque
531 1118 790 1156 hilarItudine
832 1120 989 1167 praeter
1026 1118 1264 1167 peculiarem
1302 1130 1431 1156 meam

78 1177 222 1228 gestire
261 1178 360 1215 mihi
397 1180 538 1216 cuncta
576 1177 834 1225 uidebantur,
871 1181 916 1215 ut
953 1190 1077 1227 pecua
1116 1178 1236 1215 etiam
1276 1178 1430 1216 cuiusce

77 1236 184 1275 modi
215 1239 254 1274 et
285 1238 390 1276 totas
423 1237 558 1276 domos
578 1232 590 1291 Η
610 1239 649 1275 et
679 1238 810 1287 ipsum
839 1237 942 1275 diem
970 1250 1106 1275 serena
1132 1237 1232 1275 facie
1260 1237 1431 1287 gaudere

77 1297 274 1335 sentirem.
336 1310 428 1334 nam
479 1298 518 1335 et
560 1297 746 1346 pruinam
790 1297 1015 1346 pridianam
1060 1296 1142 1335 dies
1187 1297 1342 1345 apricus
1386 1309 1430 1334 ac
1452 1306 1484 1329 20

76 1355 256 1406 placidus
293 1359 455 1406 repente
492 1356 624 1395 fuerat
661 1357 879 1405 insecutus,
910 1358 956 1395 ut
993 1369 1160 1395 canorae
1196 1358 1316 1395 etiam
1349 1359 1431 1395 aui-

9 1418 59 1448 76'8
78 1415 190 1453 culae
229 1416 471 1465 prolectatae
511 1429 632 1455 uerno
668 1429 815 1466 uapore
847 1419 1059 1455 concentus
1091 1428 1233 1455 suaues
1266 1416 1429 1454 adsona-

75 1477 176 1524 rent,
207 1478 374 1513 matrem
401 1475 585 1525 siderum,
617 1478 822 1525 parentem
848 1478 1071 1525 temporum
1098 1475 1282 1525 orbisque
1306 1477 1430 1514 totius

76 1534 275 1574 dominam
306 1535 452 1574 blando
483 1536 699 1574 mulcentes
733 1535 942 1574 adfamine.
1007 1536 1104 1585 quid
1137 1536 1242 1585 quod
1274 1535 1430 1574 arbores

76 1595 214 1643 etiam,
266 1607 365 1644 quae
415 1596 609 1645 pomifera
653 1595 790 1634 subole
834 1595 1026 1634 fecundae
1071 1608 1251 1645 quaeque
1295 1607 1429 1633 earum
1452 1602 1483 1628 25

75 1656 231 1692 tanturn
270 1654 410 1692 umbra
449 1656 656 1693 contentae
696 1655 867 1704 steriles,
907 1655 1095 1694 austrinis
1134 1656 1291 1693 laxatae
1329 1655 1431 1693 flati—

74 1713 165 1763 bus,
198 1714 373 1764 germine
406 1715 588 1753 foliorum
621 1714 862 1763 renidentes,
894 1714 1079 1753 clementi
1110 1716 1223 1752 motu
1254 1714 1431 1753 brachio-

75 1785 163 1811 rum
202 1773 334 1812 dulces
367 1774 556 1824 strepitus
590 1774 874 1823 obsibilabant,
912 1787 1135 1825 magnoque
1168 1774 1431 1824 procellarum

76 1832 212 1871 sedato
257 1833 412 1884 fragore
452 1846 497 1873 ac
535 1833 694 1872 turbido
732 1834 924 1872 fluctuum
961 1836 1115 1872 tumore
1154 1835 1284 1884 posito
1322 1846 1430 1871 mare

170 1946 198 1981 F
226 1946 346 1983 179⁸b.
385 1961 411 1992 φ
440 1947 513 1981 69¹>¹
691 1955 708 1981 2
746 1947 997 1983 semirotundo
1035 1950 1089 1993 (φ)
1124 1949 1232 2002 prior
1269 1959 1288 1983 ο
1327 1960 1370 1983 esc
1408 1959 1430 1981 u

75 2029 165 2053 corr.
289 2025 306 2051 3
331 2018 480 2053 uidebis
505 2020 610 2054 2>de
725 2027 742 2053 4
769 2017 893 2054 elisios
914 2031 977 2055 em.
1005 2034 1032 2065 φ
1149 2026 1168 2053 e
1192 1997 1347 2065 rssgiosis
1366 2030 1430 2054 em.

75 2065 153 2100 ead.
179 2077 225 2101 m.
331 2074 350 2100 9
377 2065 481 2112 plato
509 2068 564 2112 (φ)
590 2079 656 2102 em.
683 2078 703 2102 υ
800 2074 838 2101 10
864 2079 1007 2102 summo
1034 2068 1074 2103 E
1168 2075 1202 2102 11
1228 2078 1366 2112 pauore
1393 2070 1431 2101 et

75 2114 225 2158 stupore
249 2114 503 2160 (Cornelissen)
530 2126 571 2150 ac
599 2115 685 2150 dein
710 2114 849 2160 gaudio
875 2115 981 2151 vdl‘l
1125 2126 1168 2150 ac
1195 2115 1281 2150 dein
1308 2114 1431 2149 furore

76 2159 204 2196 diuino
230 2161 429 2197 Bluemner
537 2170 573 2197 18
600 2162 747 2198 cuiusce
773 2164 819 2208 ef.
847 2166 977 2206 190,15
1075 2170 1112 2197 2⁵2
1139 2173 1278 2208 uapore
1304 2164 1359 2207 (φ)
1387 2174 1431 2197 ezr

75 2219 203 2256 fauore
223 2225 289 2256 aut
307 2231 448 2265 pauore
468 2234 544 2265 em,
561 2227 753 2268 postquam
772 2225 881 2258 antea
895 2233 956 2266 pr.
976 2234 1022 2257 m.
1043 2223 1296 2267 superscriptis
1315 2219 1335 2236 ¹²
1355 2226 1386 2257 et
1411 2219 1430 2242 Ρ

76 2269 230 2304 correxit
336 2275 374 2303 25
399 2268 525 2316 subole
551 2281 594 2305 θα)
618 2282 643 2305 u
670 2271 717 2305 al.
744 2282 791 2305 m.
816 2281 906 2306 corr.
934 2281 953 2304 ο
1061 2277 1099 2304 2ss
1125 2272 1253 2305 {tenta
1280 2274 1299 2305 e
1325 2269 1435 2304 eriles

75 2317 130 2359 (cp)
159 2327 220 2351 em.
248 2328 269 2350 v
365 2323 402 2351 2¹1
429 2316 549 2352 filiorfi
576 2318 631 2362 (φ)
658 2327 720 2352 em.
748 2329 769 2352 Q*
