1657 2526
174 107 256 148 122
349 107 525 143 APVLEI
550 108 1017 143 METAMORPHOSEON
1043 108 1128 143 LIB.
1149 108 1193 152 V,
1220 112 1274 143 24.
1303 112 1347 142 25

99 182 169 206 Ooed.

256 217 364 270 “Ego
392 220 561 269 quidem,
595 221 887 269 simplicissima
913 220 1074 269 Psyche,
1106 222 1281 269 parentis
1313 234 1422 258 meae
1443 221 1518 257 Ve-

168 280 272 316 neris
310 283 608 328 praeceptorum
640 281 856 326 immemor,
902 292 1001 328 quae
1042 282 1081 317 te
1112 281 1244 318 miseri
1278 280 1518 329 extremique

169 338 339 376 hominis
373 338 598 376 deuinctam
626 339 807 387 cupidine
840 338 975 376 infimo
1001 338 1252 376 matrimonio
1286 339 1414 376 addici
1440 340 1518 377 ius-

169 400 286 446 serat,
330 400 413 447 ipse
458 400 589 447 potius
635 400 789 435 amator
833 398 1018 435 aduolaui
1062 397 1146 435 tibi.
1221 398 1288 436 sed
1328 399 1400 436 hoc
1445 399 1520 436 feci

132 471 147 496 5
168 457 320 504 leuiter,
365 458 456 504 scio,
501 460 539 494 et
570 457 795 506 praeclarus
833 457 900 494 ille
945 458 1174 507 sagittarius
1212 457 1296 505 ipse
1339 470 1400 495 me
1438 457 1518 495 telo

168 529 254 554 meo
293 516 467 565 percussi
506 519 621 565 teque
662 518 866 565 coniugem
898 529 1026 553 meam
1058 516 1144 564 feci,
1185 519 1229 554 ut
1260 516 1387 554 bestia
1415 514 1419 567 l
1448 517 1519 554 sci-

168 576 261 613 licet
298 575 372 612 tibi
418 575 571 613 uiderer
609 578 647 612 et
690 576 793 613 ferro
831 578 949 624 caput
996 575 1191 613 excideres
1228 588 1371 623 meum,
1416 575 1520 624 quod

167 634 264 672 istos
310 636 504 672 amatores
550 637 638 672 tuos
682 634 814 672 oculos
859 636 971 685 gerit.
1046 635 1141 672 haec
1184 634 1256 671 tibi
1305 634 1520 672 identidem

95 704 150 728 365
170 706 324 742 semper
356 693 531 731 cauenda
563 694 779 744 censebam,
811 694 907 731 haec
932 693 1113 732 beniuole
1139 694 1401 732 remonebam.
1455 693 1521 731 sed

115 768 148 793 ιο
170 754 262 790 illae
303 753 461 801 quidem
506 754 788 791 consiliatrices
831 753 1010 804 egregiae
1052 756 1143 791 tuae
1186 755 1269 790 tam
1312 753 1521 802 perniciosi

169 813 389 862 magisterii
427 812 580 850 dabunt
618 815 795 850 actutum
827 813 925 849 mihi
962 825 1120 861 poenas⁷
1165 815 1202 850 te
1241 825 1333 850 uero
1365 815 1520 850 tantum

168 873 263 921 fuga
296 884 383 909 mea
415 868 643 921 puniuero.”
693 875 732 909 et
764 885 850 910 cum
892 872 1062 910 termino
1095 873 1284 910 sermonis
1316 872 1448 921 pinnis
1480 873 1521 909 in

169 931 295 968 altum
327 943 366 968 se
398 931 607 980 proripuit.

96 992 147 1028 25
258 990 407 1038 Psyche
440 1003 532 1028 uero
564 991 673 1028 humi
705 992 905 1040 prostrata
935 994 984 1037 et,
1017 994 1211 1040 quantum
1237 992 1325 1028 uisu
1353 992 1521 1040 poterat,

117 1065 149 1090 15
170 1049 327 1087 uolatus
360 1050 494 1087 mariti
531 1051 773 1099 prospiciens
812 1051 994 1088 extremis
1037 1049 1239 1100 affligebat
1272 1051 1521 1087 lamentatio-

170 1109 284 1146 nibus
318 1109 502 1146 animum.
564 1109 629 1146 sed
656 1110 725 1147 ubi
755 1111 920 1159 remigio
953 1109 1111 1158 plumae
1142 1111 1302 1158 raptum
1334 1110 1522 1146 maritum

96 1179 151 1203 36⁶
170 1170 385 1217 proceritas
430 1168 550 1217 spatii
595 1170 742 1207 fecerat
787 1169 979 1216 alienum,
1023 1181 1093 1217 per
1136 1169 1305 1218 proximi
1348 1168 1521 1206 fluminis

170 1228 389 1278 marginem
427 1229 684 1276 praecipitem
729 1241 811 1265 sese
855 1228 974 1265 dedit.
1043 1228 1109 1265 sed
1153 1227 1261 1265 mitis
1299 1227 1443 1264 fluuius
1480 1228 1521 1265 in

169 1287 357 1324 honorem
391 1287 453 1324 dei
486 1288 647 1335 scilicet,
692 1288 760 1336 qui
793 1290 832 1325 et
862 1289 968 1336 ipsas
1007 1300 1131 1336 aquas
1163 1300 1274 1324 urere
1307 1288 1522 1335 consueuit,

117 1362 151 1388 20
170 1349 346 1384 metuens
368 1346 442 1383 sibi
462 1348 669 1384 confestim
691 1359 776 1384 eam
801 1344 813 1397 Η
838 1348 998 1384 innoxio
1024 1347 1224 1384 uolumine
1251 1359 1370 1394 super
1394 1347 1522 1394 ripam

171 1406 375 1443 florentem
413 1405 544 1443 herbis
583 1407 773 1455 exposuit.
836 1410 930 1443 tunc
968 1406 1068 1443 forte
1102 1406 1185 1442 Pan
1224 1405 1318 1443 deus
1351 1406 1522 1443 rusticus

97 1476 150 1500 :567
171 1465 282 1502 iuxta
302 1465 556 1513 supercilium
579 1466 704 1503 amnis
725 1465 886 1503 sedebat
907 1465 1131 1514 complexus
1153 1460 1214 1516 [h]
1229 1465 1337 1502 Echo
1357 1461 1522 1515 mo<w>-

171 1528 304 1561 {anam
330 1524 439 1561 deam
469 1537 632 1574 eamque
658 1525 819 1563 uoculas
852 1524 1092 1562 omnimodas
1119 1524 1281 1562 edocens
1307 1525 1523 1573 reccinere3

171 1584 346 1632 proxime
384 1585 512 1632 ripam
550 1596 652 1634 uago
696 1587 814 1633 pastu
851 1585 1065 1621 lasciuiunt
1102 1596 1254 1621 comam
1292 1583 1406 1620 fluuii
1436 1586 1523 1621 ton-

117 1659 150 1684 25
172 1643 306 1680 dentes
345 1643 531 1692 capellae.
600 1644 803 1681 hircuosus
842 1643 935 1681 deus
980 1643 1154 1681 sauciam
1187 1643 1366 1691 Psychen
1404 1644 1523 1691 atque

172 1702 378 1749 defectam,
420 1704 633 1751 utcumque
666 1715 778 1741 casus
811 1703 893 1741 eius
926 1715 1002 1740 non
1034 1702 1192 1750 inscius⁷
1231 1701 1442 1739 clementer
1474 1702 1523 1739 ad

173 1775 213 1799 se
245 1765 427 1799 uocatam
460 1763 517 1799 sic
549 1763 767 1811 permulcet
799 1762 930 1799 uerbis
962 1761 1220 1799 lenientibus:

261 1818 424 1858 “Puella
456 1822 612 1868 scitula,
647 1834 734 1859 sum
767 1821 925 1870 quidem
957 1823 1179 1858 rusticanus
1212 1822 1251 1858 et
1283 1820 1419 1869 upilio,
1457 1819 1525 1857 sed

173 1882 386 1918 senectutis
412 1880 587 1928 prolixae
614 1880 801 1918 beneficio
829 1880 964 1918 multis
992 1881 1268 1929 experimentis
1294 1881 1521 1917 instructus.

269 2005 294 2038 F
319 2006 414 2040 1471’.
441 2020 468 2049 φ
490 2006 586 2039 atb'flb⁷
719 2007 753 2052 iss
781 2004 896 2052 pcussi
922 2006 978 2049 (tp)
1000 2010 1083 2049 post
1108 2005 1120 2038 i
1147 2016 1236 2039 eras.
1263 2006 1279 2038 t
1419 2006 1438 2037 7
1465 2014 1524 2038 ex-

173 2053 275 2088 eides
296 2054 437 2098 (υίνῃῑιῑ.
453 2054 606 2097 (Μώρν.
623 2055 681 2098 m.)
720 2067 764 2097 φε
792 2053 979 2087 excideres
1090 2058 1109 2085 ὅ
1137 2051 1342 2086 identidem
1362 2055 1445 2086 ante
1461 2050 1523 2085 be—

173 2100 298 2135 niuole
325 2106 500 2145 transpos
527 2101 632 2135 vdl‘l
792 2104 810 2134 9
839 2111 984 2144 semper
1009 2100 1075 2134 del.
1103 2100 1228 2134 Rolzde
1278 2098 1391 2132 ident.
1419 2109 1523 2142 prae-

174 2148 342 2182 cauenda
370 2149 562 2183 Michaelis
587 2150 631 2190 cf.
653 2152 760 2190 29,11
818 2148 931 2182 ident.
965 2147 1014 2181 ad
1040 2146 1196 2189 censeb„
1228 2157 1341 2190 semp.
1369 2145 1419 2180 ad
1445 2157 1522 2179 cau.

170 2197 328 2241 pertinet
430 2195 668 2230 recensebam
684 2217 728 2221 —
743 2195 938 2229 monebam
955 2195 1079 2229 Rohde
1099 2196 1143 2238 cf.
1167 2197 1297 2236 107,21
1326 2196 1429 2234 143,9

177 2248 219 2276 14
246 2243 314 2276 uisi
365 2243 504 2287 ‹p2uisu
532 2244 576 2285 cf.
600 2247 656 2280 0⁴,4
684 2246 790 2285 55219
914 2246 955 2276 15
983 2251 1208 2286 prosequens
1237 2241 1430 2275 Michaelis

176 2294 219 2323 2²2
246 2290 313 2336 hec
339 2291 448 2324 homo
477 2293 569 2325 cana
596 2293 650 2334 (φ)
677 2302 738 2325 em,
760 2291 858 2325 Jahn
959 2293 1002 2322 ‘23
1031 2288 1250 2323 omninedas
1272 2289 1327 2332 (φ)
1347 2299 1410 2322 em.
1432 2299 1452 2322 v

176 2366 220 2396 ⁸24
248 2356 352 2397 etima
378 2364 480 2407 (eras.
502 2364 537 2406 ‘J
660 2366 702 2396 25
729 2361 930 2405 hyrcuol'ul'
952 2362 1007 2404 (φ)

1539 181 1565 205 Ε

1541 996 1576 1022 93
