1657 2526
72 165 144 190 oud.

75 625 127 651 7⁷8

72 1514 124 1542 779

303 89 482 124 APVLEI
508 88 987 125 METAMORPHOSEON
1014 89 1102 123 LlB.
1123 89 1184 133 Xl,
1214 94 1355 124 11-13
1431 91 1518 133 5275

1541 164 1566 189 E

145 202 352 242 ferebatur
388 201 439 240 ab
477 201 557 239 alio
597 202 700 239 cista
723 197 737 251 ΙΙ
761 203 1004 238 secretorum
1037 213 1163 249 capax
1195 202 1356 251 penitus
1388 203 1518 241 celans

145 264 288 311 operta
337 259 574 311 magnificae
623 259 841 310 religionis.
877 259 884 308 1
918 260 1083 308 gerebat
1133 260 1236 298 alius
1288 261 1393 300 felici
1446 274 1518 301 suo

146 321 300 371 gremio
333 318 477 358 summi
510 319 685 357 numinis
720 319 985 357 uenerandam
1023 318 1209 369 effigiem,
1243 333 1322 357 non
1353 322 1520 369 pecoris,

146 393 223 418 non
258 379 360 427 auis,
391 391 471 417 non
504 381 612 416 serae
647 389 692 416 ac
718 391 767 415 ne
791 378 966 416 hominis
994 377 1154 426 quidem
1184 379 1309 428 ipsius
1336 380 1517 418 consimi-

145 440 242 487 lem,
275 438 342 476 sed
375 439 529 476 sollerti
560 440 722 487 repertu
756 437 877 476 etiam
910 437 999 486 ipsa
1032 438 1213 476 nouitate
1245 439 1517 487 reuerentiam,
1557 455 1570 480 ε.

146 499 302 537 altioris
346 499 563 547 utcumque
607 498 648 534 et
691 509 837 548 magno
883 496 1043 535 silentio
1080 497 1276 547 tegendae
1314 498 1519 549 religionis

146 559 427 608 argumentum
466 555 687 605 ineffabile,
731 556 798 595 sed
840 555 890 594 ad
927 557 1049 593 istum
1088 555 1209 605 plane
1248 556 1409 595 modum
1442 559 1516 595 ful-

146 618 264 667 gente
311 629 410 654 auro
454 615 692 665 figuratum:
743 616 889 653 urnula
932 615 1146 653 faberrime
1192 619 1354 664 cauata,
1398 617 1520 655 fundo

145 689 266 726 quam
306 675 504 722 rutundo,
546 675 660 712 miris
692 675 935 714 extrinsecus
968 674 1192 713 simulacris
1225 676 1519 726 Aegyptiorum

145 735 348 785 effigiata3
397 736 482 774 eius
520 734 715 772 orificium
757 746 833 772 non
868 733 1081 772 altiuscule
1114 734 1294 772 leuatum
1328 736 1370 773 in
1403 748 1518 774 cana-
1540 751 1574 777 ιο

144 795 224 833 lem
268 797 495 844 porrectum
543 793 663 843 longo
708 793 841 832 riuulo
886 793 1158 844 prominebat,
1202 807 1249 832 ex
1298 794 1379 832 alia
1426 808 1519 834 uero

145 855 258 903 parte
291 854 464 892 multum
495 853 683 892 recedens
710 854 889 903 spatiosa
917 852 1110 891 dilatione
1137 853 1384 893 adhaerebat
1410 868 1519 903 ansa,

145 926 265 963 quam
305 914 489 952 contorto
528 911 675 951 nodulo
714 912 999 962 supersedebat
1037 914 1146 962 aspis
1186 925 1398 962 squameae
1438 927 1517 953 cer—

143 974 245 1011 uicis
277 973 422 1012 striato
453 974 612 1010 tumore
645 972 837 1010 sublimis.

236 1031 291 1070 Et
327 1044 416 1070 ecce
454 1031 768 1081 praesentissimi
810 1031 985 1069 numinis
1018 1032 1217 1081 promissa
1257 1032 1370 1070 nobis
1410 1045 1517 1071 acce⁶
1541 1034 1589 1069 12

144 1091 246 1129 dunt
289 1091 482 1130 beneficia
524 1093 565 1131 et
607 1091 695 1129 fata
739 1090 990 1140 salutemque
1034 1091 1164 1140 ipsam
1202 1102 1335 1129 meam
1379 1105 1518 1143 gerens
1540 1107 1572 1133 m

143 1151 327 1190 sacerdos
373 1150 693 1200 adpropinquat,
744 1150 795 1189 ad
840 1150 975 1201 ipsum
1018 1151 1311 1200 praescriptum
1356 1151 1519 1190 diuinae

144 1210 422 1260 promissionis
454 1211 640 1248 ornatum
674 1209 838 1248 dextera
864 1210 1068 1259 proferens
1094 1211 1258 1249 sistrum
1287 1210 1395 1259 deae,
1421 1211 1519 1250 mihi

143 1282 332 1308 coronam
352 1291 410 1296 -—-
431 1271 472 1307 et
497 1268 677 1307 hercules
704 1281 892 1307 coronam
919 1274 1219 1318 consequenter,
1252 1271 1359 1319 quod
1387 1273 1448 1309 tot
1474 1284 1521 1309 ac

141 1330 268 1367 tantis
295 1329 515 1367 exanclatis
536 1328 751 1376 laboribus,
776 1330 838 1366 tot
864 1330 1033 1367 emensis
1056 1329 1245 1378 periculis
1272 1329 1368 1368 deae
1394 1332 1518 1368 maxi-
1540 1345 1574 1371 20

142 1401 232 1427 mae
274 1388 534 1439 prouidentia
577 1388 851 1427 adluctantem
896 1389 994 1426 mihi
1034 1388 1267 1427 saeuissime
1302 1389 1517 1428 Fortunam

143 1461 386 1498 superarem.
450 1461 521 1486 nec
553 1450 687 1486 tamen
721 1448 869 1498 gaudio
908 1448 1103 1486 subitario
1144 1451 1367 1487 commotus
1398 1449 1518 1488 incle—

144 1509 271 1546 menti
314 1521 377 1546 me
422 1520 541 1545 cursu
584 1506 785 1558 proripui,
830 1520 970 1546 uerens
1010 1508 1181 1555 scilieet,
1223 1521 1271 1546 ne
1310 1510 1518 1558 repentino

145 1567 404 1617 quadripedis
436 1568 592 1617 impetu
623 1567 831 1617 religionis
866 1568 1025 1616 quietus
1053 1568 1285 1606 turbaretur
1317 1567 1425 1616 ordo,
1451 1569 1518 1607 sed

144 1626 303 1677 placido
336 1639 383 1665 ac
415 1639 577 1676 prorsus
608 1627 782 1665 humano
823 1626 951 1677 gradu
985 1626 1288 1665 cunctabundus
1320 1627 1518 1677 paulatim
1539 1641 1573 1668 25

145 1686 354 1736 obliquato
393 1698 577 1736 corpore,
621 1697 716 1724 sane
756 1686 952 1724 diuinitus
991 1686 1206 1725 decedente
1238 1687 1401 1736 populo,
1434 1699 1517 1725 sen-

146 1746 221 1784 sim
270 1745 422 1795 inrepo.
498 1748 542 1784 at
586 1744 788 1794 sacerdos,
839 1747 884 1783 ut
929 1747 1067 1784 reabse
1113 1758 1350 1797 cognoscere
1393 1748 1519 1797 potui,
1543 1748 1590 1783 13

144 1807 330 1843 nocturni
372 1806 711 1844 commonefactus
750 1805 903 1843 oraculi
934 1806 1183 1855 miratusque
1217 1808 1518 1856 congruentiam

144 1864 324 1903 mandati
370 1866 564 1912 muneris,
609 1865 820 1902 confestim.
864 1865 1016 1904 restitit
1060 1868 1101 1902 et
1143 1866 1251 1903 ultro
1289 1861 1302 1916 ss
1336 1868 1520 1914 porrecta

145 1924 309 1963 dextera
350 1923 398 1962 ob
444 1936 488 1962 os
532 1925 665 1975 ipsum
709 1937 843 1962 meum
888 1937 1073 1962 coronam
1115 1921 1361 1975 ex<h>ibuit
1425 1928 1519 1963 tune
1540 1940 1575 1964 30

241 2037 271 2072 F
293 2037 414 2072 180⁰&
442 2050 470 2081 φ
493 2036 590 2072 70““’.
715 2041 735 2071 2
763 2036 921 2081 gerebat
947 2039 1003 2081 (φ)
1032 2052 1056 2081 g
1082 2044 1170 2074 mut.
1198 2040 1246 2073 al.
1277 2050 1319 2073 m.
1348 2039 1388 2073 in
1417 2038 1447 2073 G

147 2090 165 2120 6
194 2087 346 2131 tegente
372 2086 429 2129 (φ)
454 2096 520 2120 em.
540 2084 706 2120 Beroald
841 2089 861 2120 8
889 2086 1054 2130 figurati}
1081 2087 1138 2130 (φ)
1167 2089 1189 2120 d
1215 2097 1306 2122 corr.
1334 2087 1375 2120 in
1402 2097 1424 2121 a

147 2138 166 2168 9
193 2144 307 2177 quam
339 2133 385 2176 cf.
409 2135 491 2173 77,1
520 2135 628 2176 116‚6
657 2135 790 2174 118,24
819 2135 954 2173 185,17
1148 2134 1314 2168 rutundo
1348 2136 1469 2179 (prior
1496 2147 1518 2169 u

145 2186 233 2216 mut.
260 2182 301 2216 ἐπ
327 2183 363 2226 o)
426 2193 471 2224 φε
491 2180 598 2215 rot—
724 2183 768 2215 12
794 2184 902 2225 parte
930 2181 958 2221 (t
986 2182 1080 2216 inter
1105 2182 1283 2216 scribenti.
1312 2192 1356 2216 ex
1381 2193 1400 2216 e
1426 2193 1516 2217 corr,

144 2252 221 2288 ead.
238 2253 299 2297 m.)
398 2255 440 2286 ‘21
469 2236 621 2287 foitiins
648 2253 751 2297 <quia
775 2263 801 2285 u
822 2263 865 2287 em
884 2264 908 2286 n
935 2263 1025 2287 corr.
1050 2264 1122 2287 non
1142 2254 1232 2288 satis
1259 2253 1403 2296 liquida
1429 2258 1517 2295 erat,

143 2300 223 2336 ead.
252 2311 295 2334 m..
317 2299 402 2335 add.
424 2301 457 2344 v)
634 2303 677 2333 27
706 2298 838 2333 reabse
864 2299 909 2341 cf.
933 2302 1017 2343 512AE
1196 2302 1239 2333 ⁴29
1267 2302 1437 2344 porrecta
1460 2302 1516 2345 (φ)

145 2358 168 2382 a.
192 2359 238 2382 ex
263 2358 284 2381 o
310 2357 399 2382 corr.
429 2344 564 2392 ernist)
588 2358 633 2381 m.
759 2349 804 2380 30
832 2346 977 2381 exibuit
1002 2348 1059 2390 (φ)
1398 2343 1411 2352 ’

1230 2406 1299 2441 18*
