1657 2526
42 157 103 183 Oud

37 502 91 526 463

37 1156 89 1181 464

37 1633 89 1657 465

277 83 453 119 APVLEI
479 82 947 118 METAMORPHOSEON
974 82 1062 119 LIB.
1082 82 1160 125 VII,
1188 86 1217 117 9.
1248 86 1290 117 10
1379 83 1459 124 161

109 199 195 235 tum
239 198 413 234 uestrum
458 196 675 243 inhibeam,
720 196 787 234 sed
831 196 958 234 malae
1004 196 1266 234 eonscientiae
1309 199 1463 234 reatum

110 257 216 294 intra
246 269 307 293 me
340 255 553 303 sustinebo,
585 257 619 293 si
651 256 755 304 quod
787 255 933 293 bonum
966 255 1064 292 mihi
1096 255 1254 292 uidetur
1279 255 1462 293 dissimu—

110 316 255 353 lauero.
330 315 399 353 sed
442 316 552 364 prius
596 315 781 352 fiduciam
824 316 949 353 uestri
994 327 1112 352 causa
1150 314 1321 353 sollicito
1366 314 1463 352 mihi

110 374 286 423 tribuite,
318 386 405 412 cum
431 376 663 423 praesertim
697 375 820 421 uobis,
854 375 887 412 si
914 374 1109 412 sententia
1135 374 1232 412 haec
1264 387 1352 412 mea
1385 374 1462 411 dis-

110 434 305 483 plicuerit,
336 434 457 472 liceat
487 445 620 472 rursus
654 433 701 471 ad
744 433 897 471 asinum
929 433 1068 471 redire.
1131 446 1223 471 nam
1256 446 1327 484 ego
1362 433 1463 470 arbi·
1503 447 1517 471 5

110 496 193 531 tror
236 494 423 541 latrones,
467 495 614 542 quique
659 506 793 531 eorum
836 496 939 531 recte
985 493 1163 542 sapiunt,
1208 493 1307 530 nihil
1354 495 1463 530 ante-

110 553 211 590 ferre
254 553 363 591 lucro
409 565 478 590 suo
523 553 662 590 debere
707 565 752 590 ac
799 565 846 590 ne
891 553 1018 601 ipsam
1063 551 1220 601 quidem
1265 564 1379 601 saepe
1425 555 1464 589 et

111 613 200 651 aliis
238 612 467 650 damnosam
506 613 707 650 ultionem.
777 624 869 661 ergo
908 613 1031 662 igitur
1069 613 1103 649 si
1141 611 1390 661 perdideritis
1423 611 1463 648 in

111 672 220 710 asino
259 673 465 723 uirginem,
510 672 609 709 nihil
648 671 818 721 amplius
857 685 973 720 quam
1009 672 1091 708 sine
1118 672 1199 709 ullo
1232 671 1463 720 compendio

109 731 423 782 indignationem
455 733 630 769 uestram
663 731 925 769 exercueritis.
990 732 1086 779 quin
1126 743 1197 781 ego
1231 743 1367 768 censeo
1400 730 1463 768 de·
1486 745 1518 769 ιο

110 791 328 829 ducendam
361 804 447 828 eam
480 790 529 828 ad
562 791 793 840 quampiam
825 792 1029 828 ciuitatem
1070 791 1204 838 ibique
1236 789 1464 827 uenundan-

110 851 212 888 darn.
275 863 346 888 nec
378 852 480 888 enim
514 851 595 887 leui
621 852 748 899 pretio
775 850 941 888 distrahi
969 851 1116 898 poterit
1146 850 1240 887 talis
1273 850 1463 888 aetatula.

109 922 202 947 nam
246 913 285 948 et
328 911 411 959 ipse
462 910 651 959 quosdam
703 910 862 948 lenones
906 909 1060 959 pridem
1105 910 1282 959 cognitos
1326 909 1464 958 habeo,

111 982 276 1019 quorum
303 971 452 1019 poterit
477 982 578 1007 unus
605 982 670 1007 ma
685 971 774 1019 gnis
801 969 981 1018 equidem
1008 969 1185 1016 talentis,
1217 972 1261 1006 ut
1281 969 1464 1016 arbitror,

108 1030 283 1078 puellam
307 1030 427 1067 istam
447 1025 698 1078 praestinare‘
719 1029 911 1079 condigne
936 1028 1138 1066 natalibus
1165 1029 1246 1066 suis
1272 1028 1463 1066 fornicem
1485 1042 1516 1067 15

108 1101 378 1138 processuram
398 1102 468 1126 nec
488 1089 528 1126 in
549 1089 715 1126 similem
744 1089 880 1139 fugam
901 1086 1237 1138 discur<su>ram,
1259 1101 1337 1126 non
1362 1088 1463 1125 nihil

110 1149 242 1196 etiam,
268 1161 354 1187 cum
381 1149 566 1198 lupanari
593 1149 787 1196 seruierit,
820 1148 1021 1186 uindictae
1053 1148 1165 1185 uobis
1193 1147 1461 1196 depensuram.
1486 1156 1535 1180 123

107 1207 208 1246 hanc
236 1221 281 1245 ex
313 1209 445 1246 animo
473 1208 633 1257 quidem
665 1221 751 1245 meo
784 1209 1021 1245 sententiam
1057 1207 1343 1245 conducibilem
1375 1220 1463 1256 pro-

107 1268 201 1316 tuli3
222 1268 288 1305 sed
307 1280 377 1305 uos
404 1271 625 1306 uestrorum
653 1268 745 1305 estis
773 1268 1027 1305 consiliorum
1049 1280 1257 1315 rerumque
1285 1263 1462 1305 domini.’

201 1327 264 1365 Sic
295 1327 363 1364 ille
396 1328 596 1365 latronum
627 1327 712 1366 fisci
744 1327 959 1365 aduocatus
986 1329 1161 1365 nostram
1189 1339 1347 1364 causam
1377 1339 1462 1375 per·
1487 1326 1535 1362 10

107 1387 266 1434 tulerat,
298 1387 464 1437 uirginis
497 1390 536 1424 et
568 1387 671 1425 asini
703 1388 917 1435 sospitator
950 1387 1141 1436 egregius.
1205 1386 1274 1424 sed
1304 1386 1345 1423 in
1378 1386 1462 1423 diu·
1483 1400 1515 1425 21

107 1447 192 1484 tina
218 1446 501 1485 deliberatione
528 1447 647 1484 ceteri
673 1448 893 1484 cruciantes
920 1459 1031 1484 mora
1064 1446 1219 1484 consilii
1242 1458 1330 1483 mea
1350 1458 1462 1494 prae-

109 1506 253 1555 cordia,
297 1506 417 1544 immo
449 1507 635 1544 miserum
674 1506 869 1555 spiritum,
912 1505 1079 1543 libentes
1117 1505 1278 1543 tandem
1316 1506 1463 1543 nouicii

108 1566 274 1604 latronis
306 1566 497 1604 accedunt
529 1567 747 1604 sententiae
781 1568 820 1603 et
845 1565 1025 1615 protinus
1058 1565 1228 1603 uinculis
1255 1565 1463 1603 exsoluunt

109 1625 317 1675 uirginem.
381 1638 479 1674 quae
513 1625 672 1674 quidem
699 1625 816 1662 simul
848 1625 1005 1662 uiderat
1030 1625 1143 1662 illum
1175 1626 1359 1662 iuuenem
1385 1625 1462 1662 for·
1483 1638 1516 1663 25

107 1686 283 1734 nicisque
315 1688 354 1723 et
385 1682 592 1736 le<n>onis
626 1684 806 1723 audierat
831 1685 1080 1733 mentionem,
1114 1686 1245 1733 eoepit
1275 1685 1357 1723 risu
1383 1684 1462 1722 lae-

107 1745 259 1783 tissimo
292 1746 449 1795 gestire,
492 1747 540 1783 ut
570 1745 668 1782 mihi
708 1746 850 1782 merito
883 1745 1034 1783 subiret
1064 1745 1306 1792 uituperatio
1339 1744 1461 1782 totius

107 1816 232 1853 sexus,
265 1817 353 1842 cum
385 1804 560 1842 uiderem
591 1805 777 1854 puellam,
810 1805 920 1853 proci
951 1805 1105 1841 iuuenis
1140 1816 1271 1841 amore
1303 1804 1460 1852 nuptia-

105 1876 273 1914 rumque
306 1866 503 1902 eastarum
536 1864 728 1902 desiderio
755 1864 953 1911 simulato,
985 1864 1190 1913 lupanaris
1223 1865 1354 1912 spurci
1380 1876 1460 1901 sor-

203 1953 394 1988 155b1562.
421 1968 448 1998 φ
469 1954 543 1988 49¹³.
697 1957 716 1987 6
744 1965 809 1997 qq,
831 1955 886 1998 (φ)
913 1954 958 1996 cf.
981 1953 1108 1988 Petsch
1134 1953 1244 1987 Arch.
1271 1953 1297 1995 f.
1325 1953 1347 1987 l.
1369 1953 1458 1988 Lem.

114 2001 253 2037 V1268
284 2001 334 2035 W
332 2002 469 2046 oelfslz'n
497 2002 577 2036 VII
591 2004 684 2044 476,-
708 2002 770 2037 sed
795 2005 845 2036 est
865 2002 927 2036 loc.
948 2002 1126 2046 sinyulasr.
1148 2012 1206 2045 ap.
1230 2002 1301 2045 Ap.
1329 2000 1460 2045 quiqui

109 2048 192 2084 Oolv
231 2048 295 2093 qui
315 2049 466 2093 quidem
486 2050 684 2084 Bluemner
710 2049 921 2093 quicunque
944 2049 1001 2083 He
1028 2049 1093 2083 lac.
1116 2052 1198 2082 ante
1219 2048 1356 2092 quique
1376 2053 1457 2083 stat.

108 2097 233 2132 Rohde
358 2100 400 2132 15
428 2096 524 2144 <in>
549 2097 728 2131 fornicem
753 2108 774 2131 v
800 2097 844 2139 cf.
865 2099 947 2139 4‚21
969 2099 1052 2139 37,9
1073 2098 1178 2138 51‚13
1200 2098 1330 2138 119,19
1349 2099 1459 2139 187‚9

105 2146 238 2187 219,21
252 2145 299 2180 al.
430 2148 472 2179 16
498 2144 749 2189 professuram
776 2145 900 2179 Rohde
948 2154 1200 2188 possessuram
1222 2144 1373 2188 Haupt;
1392 2155 1460 2188 per

106 2193 264 2227 irmziam
290 2193 394 2234 dicit,
427 2194 534 2237 quasi
558 2193 625 2228 illa
650 2192 825 2237 procedat
850 2192 1028 2236 (Iiynitate
1220 2190 1382 2225 discurre.
1403 2193 1458 2236 (φ)

105 2251 168 2274 em.
188 2251 209 2275 v
319 2244 362 2274 26
388 2240 509 2275 leonis
530 2242 583 2285 (φ,
602 2241 663 2275 sed
675 2251 788 2285 supra
809 2245 824 2294 ’Σ
845 2239 944 2284 add.)
965 2240 1012 2273 al.
1032 2251 1077 2274 m.
1101 2250 1191 2274 corr.
1212 2240 1252 2273 in
1272 2238 1391 2273 lendis

105 2298 288 2333 latissimo
309 2299 471 2334 Beroazd
609 2303 652 2333 29
681 2300 816 2334 castaru
842 2311 905 2334 em.
932 2299 1010 2333 ead.
1034 2311 1076 2333 m.
1223 2297 1457 2332 dissimulato

107 2346 251 2389 Rohde‚·
276 2347 336 2381 secl
362 2351 470 2382 antea
495 2348 667 2382 simulare
692 2347 882 2382 videbatur
906 2349 1006 2392 virgo

176 2411 291 2443 Apulei
311 2416 379 2438 met.
401 2413 446 2438 ed.
467 2413 583 2438 Helm.
1199 2409 1239 2438 11
