1657 2526
209 55 295 97 234
351 54 524 88 APVLEI
552 53 1016 89 METAMORPHOSEON
1042 55 1127 89 LIB.
1150 55 1260 99 VIIII,
1286 59 1341 90 40.
1366 59 1408 90 41

137 127 196 151 Oml
1564 132 1590 157 Ε

203 166 312 204 humi
344 166 549 216 supinatus
581 169 657 214 est,
695 166 759 204 uel
791 179 1010 217 repugnare
1042 168 1107 205 uel
1139 169 1297 206 omnino
1329 168 1481 207 munire
1513 182 1552 208 se

203 227 352 275 potuit,
385 226 452 264 sed
483 227 600 276 plane
633 226 847 264 identidem
879 226 1211 275 comminabatur,
1244 228 1277 265 si
1309 229 1552 277 surrexisset,

203 298 287 323 sese
325 287 573 324 concisurum
613 298 703 323 eum
739 286 947 324 machaera
985 299 1056 325 sua
1091 287 1303 324 frustatim.
1367 300 1442 336 quo
1475 300 1552 326 ser·
1623 314 1628 323 ,

202 358 318 383 mone
366 347 449 383 eius
494 346 825 383 commonefactus
866 346 1099 384 hortulanus
1139 345 1258 394 eripit
1297 346 1332 383 ei
1370 347 1553 395 spatham
1623 328 1628 400 Ι

167 411 182 437 5
204 416 326 453 eaque
364 404 592 455 longissime
632 404 786 442 abiecta
822 416 979 442 rursum
1017 405 1261 443 saeuioribus
1300 418 1388 443 eum
1423 406 1551 457 plagis
1573 401 1629 465 180¹

204 463 445 513 adgreditur.
508 476 579 501 nec
616 463 682 501 ille
719 465 941 512 prostratus
980 467 1019 502 et
1049 466 1290 514 praeuentus
1321 465 1551 504 uulneribus

202 523 328 560 ullum
378 523 577 572 repperire
627 523 749 561 saluti
799 524 936 571 quiens
985 523 1222 573 subsidium,
1273 524 1377 572 quod
1425 525 1552 563 solum

202 582 391 632 restabat,
417 582 579 620 simulat
604 594 685 621 sese
711 584 923 620 mortuum.
957 584 1051 621 tunc
1077 583 1260 632 spatham
1285 583 1396 621 illam
1421 596 1552 622 secum

203 643 411 691 asportans
460 642 693 679 hortulanus
742 643 920 680 inscenso
969 655 1031 680 me
1079 642 1232 680 concito
1277 642 1402 693 gradu
1446 646 1553 682 recta

150 709 181 734 10
203 702 366 739 festinat
404 701 454 739 ad
492 701 695 739 ciuitatem
733 714 804 738 nec
841 701 1043 739 hortulum
1080 714 1195 740 suum
1232 702 1373 740 saltem
1412 715 1551 742 curans

201 759 371 798 inuisere
398 761 448 798 ad
475 761 702 810 quempiam
727 760 804 798 sibi
830 760 1002 799 deuel-tit
1026 761 1276 799 familiarem.
1323 763 1553 811 cunctisque

201 819 371 858 narratis
405 820 650 869 deprecatur,
683 819 928 869 periclitanti
960 820 1034 857 sibi
1066 821 1186 858 ferret
1215 821 1406 858 auxilium
1433 834 1552 871 seque

201 891 289 916 cum
327 891 396 917 suo
436 879 511 917 sibi
549 879 659 917 asino
698 880 894 928 tantisper
931 880 1164 928 occultaret,
1195 874 1206 933 Η
1239 880 1370 929 quoad
1404 881 1552 919 celatus

201 939 331 987 spatio
381 938 493 976 bidui
543 938 718 977 triduiue
766 938 979 988 capitalem
1023 951 1181 977 causam
1226 940 1419 978 euaderet.
1483 953 1553 978 nec

149 1006 180 1031 15
202 997 349 1036 oblitus
381 998 450 1036 ille
482 999 627 1036 ueteris
660 998 859 1036 amicitiae
891 1000 1073 1048 prompte
1106 1000 1282 1048 suscipit,
1313 1012 1452 1049 meque
1481 1013 1551 1049 per

201 1057 326 1096 scalas
358 1058 596 1106 complicitis
628 1057 795 1106 pedibus
828 1058 868 1094 in
901 1059 1079 1107 superius
1113 1059 1343 1096 cenaculum
1371 1058 1550 1097 adtracto

130 1124 183 1149 1172
202 1117 436 1155 hortulanus
469 1117 629 1155 deorsus
661 1117 702 1154 in
733 1118 822 1166 ipsa
853 1113 1150 1169 tabern[ac]ula
1181 1117 1332 1167 derepit
1362 1118 1402 1155 in
1429 1131 1550 1168 quan-

201 1176 289 1214 dam
324 1176 508 1214 cistulam
540 1179 579 1214 et
610 1173 937 1227 super<i7z>gesto
970 1176 1159 1215 delitiscit
1190 1177 1350 1216 orificio.

129 1240 246 1276 41673
289 1235 344 1274 At
374 1236 488 1274 miles
520 1236 604 1284 ille,
640 1237 684 1273 ut
714 1237 853 1285 postea
884 1235 1015 1284 didici,
1046 1236 1205 1274 tandem
1239 1237 1349 1274 uelut
1380 1249 1551 1275 emersus

149 1304 182 1328 2⁰
202 1296 317 1344 graui
349 1296 523 1344 crapula,
555 1295 811 1333 nutabundus
836 1297 970 1333 tamen
998 1293 1002 1346 Ι
1032 1298 1071 1334 et
1096 1297 1157 1333 tot
1182 1296 1391 1347 plagarum
1418 1296 1551 1334 dolore

201 1355 356 1393 saucius
400 1355 620 1404 baculoque
664 1367 704 1392 se
747 1354 813 1392 uix
857 1356 1072 1403 sustinens,
1116 1355 1321 1394 ciuitatem
1352 1355 1552 1406 ¹aduentat

200 1415 463 1464 confususque
509 1414 555 1452 de
600 1415 835 1463 impotentia
876 1415 1001 1463 deque
1044 1415 1190 1452 inertia
1230 1427 1301 1452 sua
1340 1416 1551 1464 quicquam

201 1473 250 1511 ad
295 1487 520 1523 quenquam
564 1474 708 1512 referre
752 1474 1028 1522 popularium,
1073 1474 1140 1512 sed
1184 1475 1328 1512 tacitus
1366 1474 1552 1512 iniuriam

201 1534 394 1571 deuorans
440 1533 630 1582 quosdam
675 1533 960 1572 commilitones
1004 1535 1170 1571 nanctus
1207 1534 1241 1572 is
1280 1535 1436 1571 tantum
1474 1535 1550 1572 cla-

148 1601 179 1626 25
202 1593 268 1630 des
312 1594 471 1631 enarrat
514 1605 617 1631 suas.
679 1592 849 1641 placuit,
893 1595 938 1630 ut
975 1592 1058 1642 ipsc
1101 1593 1257 1642 quidem
1296 1593 1550 1631 contubernio

202 1665 241 1690 se
284 1653 480 1702 tantisper
517 1652 774 1691 absconderet
808 1674 861 1677 —
895 1665 987 1689 nam
1024 1654 1181 1701 praeter
1218 1654 1423 1702 propriam
1461 1666 1550 1691 con-

200 1712 406 1749 tumeliam
444 1711 629 1750 militaris
668 1712 789 1750 etiam
824 1713 1062 1750 sacramenti
1093 1713 1252 1762 genium
1284 1712 1333 1750 ob
1366 1713 1550 1751 amissam

201 1771 385 1821 spatham
417 1771 629 1809 uerebatur
662 1793 734 1819 —,
773 1771 850 1820 ipsi
882 1773 1015 1809 autem
1046 1771 1170 1821 signis
1202 1772 1348 1809 nostris
1381 1773 1550 1810 enotatis

199 1830 503 1880 inuestigationi
539 1830 818 1879 uindictaeque
857 1830 1033 1868 sedulam
1072 1830 1211 1868 darent
1248 1843 1417 1880 operam.
1479 1843 1550 1869 nec

295 1920 322 1954 F
336 1920 452 1954 171⁸b.
474 1934 501 1964 φ
514 1920 588 1955 62¹³.
680 1927 714 1954 17
730 1919 972 1954 tabernacula
986 1922 1039 1964 (φ)
1054 1924 1211 1965 corrupt.
1227 1931 1270 1954 ew
1284 1932 1314 1955 v.
1330 1921 1553 1956 antecedenti

199 1980 262 2002 em.
285 1968 333 2002 W
331 1979 422 2003 ower
440 1967 596 2002 taberna
611 1967 706 2002 clam
721 1968 845 2002 Rohcle
861 1968 906 2010 cf.
922 1970 1032 2010 1773&
1052 1966 1091 2001 in
1104 1967 1187 2012 ipsa
1200 1967 1275 2002 tab.
1292 1968 1358 2003 del.
1374 1969 1504 2003 Novdk

201 2014 339 2060 direpit
358 2016 416 2059 (φ)
436 2016 481 2058 cf.
504 2018 611 2058 79,13
707 2021 743 2049 18
763 2014 792 2049 86
813 2016 868 2059 (φ)
889 2026 978 2050 eras.
1053 2051 1059 2056 ,
1078 2015 1248 2061 l'upgesto
1269 2017 1324 2060 (φ)
1345 2027 1407 2050 em.
1429 2016 1502 2050 Leo

201 2073 360 2109 delitisci
374 2072 531 2108 torificio
543 2075 600 2118 (φ)
612 2075 658 2109 al.
671 2086 715 2109 m.
728 2085 817 2109 corr.
829 2075 870 2108 in
881 2053 1053 2108 delitescit
1138 2075 1354 2119 supergesto
1371 2072 1549 2120 <cooper—

201 2121 283 2156 culo
304 2120 457 2167 clauso>
479 2121 584 2156 vdVl
680 2129 717 2155 22
738 2121 913 2155 confusus
932 2123 955 2156 i.
977 2133 1003 2156 e.
1025 2119 1241 2167 αἰσχυνθείς
1259 2123 1305 2165 cf.
1321 2122 1424 2166 Corp.
1444 2123 1548 2167 gloss.

201 2170 285 2204 Lat.
308 2170 365 2204 VI
373 2171 445 2204 256
465 2169 563 2203 Hist.
584 2169 705 2212 Apoll.
726 2172 771 2203 14
798 2171 919 2213 (26314
939 2168 1075 2214 Rz‘ese2)
1096 2170 1260 2204 Roenseh
1279 2169 1365 2204 Ital.
1386 2180 1422 2203 u.
1443 2169 1547 2214 Vuly.

201 2219 271 2251 354
367 2222 405 2250 24
431 2215 501 2250 ista
526 2216 568 2249 tii
594 2215 677 2260 (ista
696 2217 826 2251 induas.
849 2217 896 2251 al.
918 2218 976 2260 m.)
1027 2230 1071 2260 φι
1097 2215 1185 2250 istas
1212 2217 1253 2250 tn
1278 2228 1340 2251 em.
1368 2216 1479 2261 Luetj
1502 2216 1548 2251 iis

201 2265 346 2298 tantum
375 2264 478 2298 vdVl
501 2263 563 2298 sed
588 2262 619 2297 is
641 2275 710 2307 pro
735 2263 782 2298 iis
801 2265 922 2307 script.
945 2265 988 2307 cf.
1011 2266 1143 2306 155,24
1238 2270 1277 2297 39
1295 2263 1503 2310 uindieteq3
1524 2266 1546 2308 (ς

201 2312 277 2346 ead.
305 2323 348 2346 m.
376 2323 441 2346 ser.
469 2321 569 2346 eraso
596 2313 655 2354 ue)
707 2325 751 2356 tp:
778 2311 943 2345 uindicte
971 2315 1010 2355 (ῖς
1038 2316 1073 2358 Γ
1099 2311 1259 2354 induxit,
1286 2311 1398 2354 ;add‚
1420 2311 1466 2346 al.
1488 2313 1546 2356 m.)

1629 2305 1644 2526 ==-·“
