1657 2526
286 103 462 138 APVLEI
488 101 956 136 METAMORPHOSEON
983 101 1071 136 LIB.
1094 101 1190 144 VIII,
1218 104 1250 135 6.
1286 105 1304 135 7
1395 101 1473 142 181

50 178 117 203 OutI.

48 285 100 311 522

50 758 102 784 523

50 877 101 903 524

52 1708 103 1732 526

208 215 386 254 Necdum
419 216 514 252 satis
549 214 694 252 Scelere
720 216 922 251 transacto
955 214 1062 250 fama
1095 212 1288 250 dilabitur
1320 217 1357 250 et
1390 226 1473 250 cur—

119 288 182 314 sus
213 275 360 324 primos
399 274 448 311 ad
486 274 647 311 domum
685 273 904 322 Tlepolemi
942 272 1151 320 detorquet
1189 275 1227 309 et
1265 284 1378 309 aures
1416 274 1475 309 in-

118 335 245 372 felicis
277 336 427 383 nuptae
458 333 641 382 percutit.
704 345 806 381 quae
841 331 1001 381 quidem
1041 332 1160 369 simul
1192 331 1368 380 percepit
1399 332 1478 368 tale

118 395 316 440 nuntium,
350 393 465 442 quale
497 405 575 429 non
609 391 748 429 audiet
782 391 903 438 aliud,
936 403 1071 429 amens
1105 394 1143 427 et
1174 390 1361 428 uecordia
1393 404 1476 439 per-

120 454 199 491 cita
224 465 417 501 cursuque
450 451 642 489 bacchata
674 450 889 488 furibundo
916 463 986 499 per
1010 450 1164 498 plateas
1196 450 1409 498 populosas
1442 453 1480 487 et

121 525 218 550 arua
247 508 496 561 rurest<r>ia
534 511 661 548 fertur
698 511 839 548 insana
877 522 972 547 uoce
1012 521 1145 547 casum
1182 510 1317 546 mariti
1357 510 1479 557 quiri-

119 574 219 609 tans.
283 571 483 609 confluunt
516 570 664 608 ciuium
696 572 869 607 maestae
909 571 1111 616 cateruae,
1153 571 1340 606 secuntur
1372 567 1481 605 obuii

120 631 254 669 dolore
285 632 446 677 sociato,
479 630 621 667 ciuitas
654 632 796 667 cuncta
827 631 1024 666 uacuatur
1051 627 1180 665 studio
1213 629 1390 665 uisionis.
1442 630 1481 664 et

120 703 205 728 ecce
238 690 372 727 mariti
405 689 573 727 cadauer
611 688 783 726 accurrit
822 688 1051 736 labantique
1093 688 1235 736 spiritu
1274 689 1401 725 totam
1441 699 1480 724 se

123 762 241 799 super
272 761 413 798 corpus
446 748 585 786 effudit
618 760 661 785 ac
694 747 930 796 paenissime
962 747 1127 794 ibidem,
1161 755 1279 796 quam
1312 746 1479 783 deuoue-

121 812 196 856 rat,
229 809 264 845 ei
296 805 525 858 red<d>idit
557 808 739 845 animam.
787 807 854 844 sed
881 820 996 856 aegre
1023 806 1205 844 manibus
1232 808 1368 854 erepta
1394 818 1480 843 suo-

121 882 210 906 rum
254 869 385 905 inuita
428 868 619 905 remansit
663 867 702 903 in
742 868 842 913 uita,
887 866 1005 904 funus
1049 877 1142 903 uero
1186 868 1272 903 toto
1318 865 1481 902 feralem

121 940 307 977 pompam
339 929 601 976 prosequente
635 926 782 975 populo
815 925 1024 963 deducitur
1056 925 1105 962 ad
1137 925 1396 974 sepulturam.

212 986 287 1025 Sed
326 986 557 1035 Thrasyllus
595 986 765 1023 nimium
796 985 943 1022 nimius
976 985 1163 1031 clamare,
1204 985 1392 1034 plangere
1431 986 1482 1031 et,

123 1059 222 1095 quas
254 1047 295 1083 in
328 1045 454 1095 primo
481 1058 657 1083 maerore
690 1045 874 1082 lacrimas
900 1058 978 1082 non
1004 1044 1186 1091 habebat,
1217 1046 1299 1081 iam
1332 1043 1482 1081 scilicet

123 1111 320 1144 crescente
365 1105 511 1155 gaudio
556 1104 716 1142 reddere
763 1108 802 1142 et
844 1104 982 1141 multis
1027 1104 1206 1141 caritatis
1258 1103 1481 1141 nominibus

122 1165 343 1203 Veritatem
366 1165 494 1214 ipsam
527 1164 675 1201 fallere.
731 1164 845 1200 illum
879 1163 1059 1213 amicum,
1093 1166 1360 1210 coaetaneum,
1394 1175 1482 1200 con-

67 1234 102 1257 25
121 1224 380 1271 tubernalem,
413 1224 575 1261 fratrem
608 1223 775 1272 denique
807 1223 943 1260 addito
969 1224 1126 1260 nomine
1152 1219 1298 1272 <uoce>
1323 1221 1483 1272 lugubri

123 1284 236 1331 ciere,
267 1296 338 1321 nec
369 1296 448 1321 non
479 1283 679 1321 interdum
710 1295 850 1321 manus
885 1281 1064 1320 Charites
1097 1294 1120 1319 a
1151 1281 1357 1331 pulsandis
1391 1281 1482 1318 ube-

121 1343 231 1381 ribus
265 1356 460 1390 amouere,
492 1343 646 1380 luctum
671 1342 818 1391 sedare,
852 1341 1074 1379 heiulatum
1101 1341 1317 1389 cohercere,
1348 1341 1481 1378 uerbis

121 1402 378 1451 palpantibus
418 1402 624 1440 stimulum
662 1401 809 1439 doloris
842 1401 1076 1449 obtundere,
1121 1402 1247 1438 uariis
1293 1400 1482 1449 exemplis

121 1462 335 1513 multiuagi
379 1474 491 1499 casus
532 1462 680 1500 solacia
718 1464 890 1508 nectere,
930 1461 1079 1498 cunctis
1120 1464 1254 1498 tamen
1292 1461 1482 1497 mentitae

122 1522 283 1570 pietatis
330 1521 470 1559 officiis
510 1521 687 1558 studium
732 1520 1035 1559 contrectandae
1073 1520 1255 1557 mulieris
1296 1519 1482 1557 adhibere

123 1581 379 1629 odiosumque
419 1593 593 1618 amorem
637 1593 753 1618 suum
797 1592 1005 1629 perperam
1051 1579 1281 1617 delectando
1320 1579 1482 1616 nutrire.

123 1640 191 1678 sed
218 1640 358 1678 officiis
384 1640 631 1678 inferialibus
660 1641 796 1677 statim
823 1641 970 1677 eoeactis
1003 1639 1137 1688 puella
1163 1640 1343 1688 protinus
1370 1639 1478 1676 festi-
1501 1652 1515 1675 ρ

121 1703 192 1737 nat
231 1699 280 1737 ad
317 1700 508 1737 maritum
547 1712 660 1737 suum
704 1699 882 1737 demeare
922 1701 1161 1747 cunctasque
1199 1710 1359 1747 prorsus
1397 1711 1483 1747 per-

122 1762 294 1808 temptat
324 1760 424 1806 uias,
457 1762 560 1796 certe
592 1759 704 1796 illam
730 1759 859 1796 lenem
892 1758 1139 1807 otiosamque
1165 1770 1236 1795 nec
1267 1758 1358 1795 telis
1391 1757 1483 1794 ullis

123 1819 385 1868 indigentem,
425 1819 492 1856 sed
525 1819 705 1867 placidae
746 1818 870 1866 quieti
904 1817 1166 1855 consimilem:
1204 1817 1337 1855 inedia
1376 1817 1482 1854 deni-

124 1891 198 1927 que
230 1879 376 1915 misera
407 1881 446 1915 et
476 1879 630 1915 incuria
663 1877 864 1926 squalida,
896 1878 1069 1915 tenebris
1107 1878 1197 1914 imis
1241 1876 1483 1924 abscondita,

218 2003 245 2037 F
263 2006 356 2037 160⁸.
380 2017 406 2047 φ
422 2007 492 2037 53³.
617 2008 635 2036 3
664 2003 739 2037 tale
767 2003 936 2046 cf.154,.9
1064 2006 1083 2036 6
1112 2001 1269 2036 rurestia
1295 2003 1351 2046 (φ)
1378 2013 1440 2036 em.
1462 2012 1481 2035 v

123 2052 167 2094 cf.
185 2053 270 2093 7632
370 2054 388 2084 9
416 2050 575 2084 accursit
600 2063 663 2086 em.
686 2064 713 2095 φ
742 2051 902 2084 occurrit
924 2051 997 2085 Leo
1098 2054 1138 2083 11
1167 2049 1308 2084 redidit
1334 2051 1387 2093 <sm
1413 2061 1480 2094 my.

125 2097 184 2143 -l·)
237 2111 282 2142 tp:
308 2098 434 2132 reddit
459 2109 522 2133 em.
550 2110 570 2134 v
743 2102 785 2131 14
811 2098 968 2132 nimium
995 2097 1226 2141 nimiumque
1249 2098 1333 2132 Colv

126 2172 168 2204 18
189 2168 338 2216 (uoce)
369 2169 599 2214 Oudendorp.
631 2174 736 2204 secut.
766 2170 824 2204 He
935 2147 1069 2215 luggrleiel
1082 2180 1145 2204 em.
1167 2168 1245 2203 ead.
1262 2180 1305 2202 m.
1358 2181 1405 2212 φ;
1427 2168 1481 2201 lu—

123 2216 232 2262 gubri
276 2216 487 2261 lugubriter
500 2218 588 2252 Prie
608 2218 653 2260 cf.
676 2219 784 2259 57,23
811 2216 969 2261 lugubre
991 2217 1049 2261 (cf.
1068 2220 1214 2260 119,10‘)
1242 2221 1308 2250 aut
1332 2215 1482 2260 lugubri

121 2275 214 2298 uoce
245 2265 299 2299 vel
330 2275 419 2298 sono
457 2264 539 2299 Oud
702 2268 746 2298 24
784 2264 960 2298 lactando
995 2265 1114 2299 Heius
1278 2267 1322 2297 25
1356 2263 1483 2297 statim

123 2313 168 2354 cf.
196 2314 303 2353 105,5
336 2315 469 2354 121,19
496 2314 602 2354 144,9
796 2311 932 2346 *factis
959 2314 1062 2356 (eras.
1091 2323 1127 2353 e,
1161 2311 1179 2345 f
1207 2322 1298 2346 corr.
1325 2322 1369 2345 eae
1400 2313 1429 2354 Γ)

125 2372 169 2402 φτ
197 2358 332 2393 emetis
378 2359 518 2393 exactis
545 2360 701 2394 Elmenh
738 2359 900 2404 peractis
928 2359 1066 2394 Wower
1092 2359 1269 2401 cs1226,9

1490 174 1513 197 Ιί

1502 759 1534 784 10

1504 814 1553 837 138

1503 1056 1535 1081 15

1503 1354 1536 1378 20
