1657 2526
27 168 94 193 Ond.

26 1050 78 1075 445

263 93 437 128 APVLEI
465 92 932 127 METAM‹'›RPHOSE‹›N
960 92 1047 127 LIB.
1067 92 1128 134 VI,
1156 95 1210 127 31.
1239 97 1281 126 32
1364 92 1444 133 153

1463 167 1486 191 Ε

97 209 310 256 utcumque
341 218 446 244 mors
479 207 516 244 ei
552 205 684 243 fuerat
716 205 925 243 destinata.
988 207 1083 242 tunc
1120 218 1220 242 unus
1260 207 1448 253 omnium,

98 266 232 304 sedato
264 267 451 313 tumultil,
483 265 638 314 placido
671 276 848 302 sermone
881 265 936 302 sic
968 277 1078 301 orsus
1111 267 1186 301 est:

187 323 284 363 ‘Nec
323 327 450 364 sectae
489 324 645 374 collegii
682 336 754 362 nec
790 323 1082 362 mansuetudini
1121 324 1362 374 singulorum
1404 336 1449 361 ac
1507 351 1525 360 -

98 397 145 422 ne
172 397 281 423 meae
315 384 473 433 quidem
500 384 717 422 modestiae
744 385 926 434 congruit
953 382 1037 432 pati
1061 395 1132 421 uos
1158 384 1265 420 ultra
1290 383 1449 421 modum

99 444 308 494 delictique
341 445 493 482 saeuire
518 444 731 481 terminum
763 455 834 480 nec
859 443 962 481 feras
989 455 1059 480 nec
1086 455 1215 480 cruces
1243 455 1312 480 nec
1338 444 1448 492 ignes
1470 457 1484 482 5

98 516 167 542 nec
210 505 407 542 tormenta
452 516 497 541 ac
540 516 587 540 ne
632 504 770 540 mortis
815 502 974 551 quidem
1018 504 1241 540 maturatae
1286 502 1449 540 festinas

97 564 278 602 tenebras
330 575 536 601 accersere.
616 564 712 599 meis
763 563 899 611 itaque
956 562 1130 599 consiliis
1181 562 1449 599 auscultantes

97 624 221 661 uitam
255 623 421 672 puellae,
455 622 522 660 sed
555 635 673 671 quam
699 623 881 670 meretur,
914 621 1127 671 largimini.
1170 634 1241 659 nec
1272 633 1343 658 uos
1370 634 1448 658 me-

96 684 223 720 moria
261 683 435 720 deseruit
471 682 625 731 utique,
670 681 766 730 quid
803 682 883 719 iam
925 680 1071 718 dudum
1112 680 1364 718 decreueritis
1403 680 1448 717 de

96 744 172 781 isto
206 742 315 780 asino
347 755 501 790 semper
531 742 645 792 pigro
679 740 848 790 quidem,
877 736 882 790 Ι
911 741 977 778 sed
1010 740 1253 778 manducone
1286 753 1450 787 summo,
1472 754 1504 779 ιο

99 815 201 840 nunc
234 802 355 839 etiam
387 801 563 839 mendaci
596 801 712 839 fictae
739 800 957 838 debilitatis
990 801 1030 838 et
1060 800 1270 850 uirginalis
1295 797 1308 850 ΙΙ
1333 800 1449 850 fugae

97 863 298 911 sequestro
330 863 601 909 ministroque.
658 860 761 897 hunc
792 860 916 909 igitur
947 859 1129 910 iugulare
1162 861 1332 897 crastino
1366 860 1449 908 pla-

98 923 184 959 ceat
228 922 400 970 totisque
444 921 675 958 uacuefacto
721 919 961 969 praecordiis
999 932 1069 968 per
1106 919 1276 956 mediam
1315 920 1449 956 aluum

98 981 245 1018 nudam
282 981 496 1030 uirginem,
529 992 647 1029 quam
685 979 878 1028 praetulit
914 979 1043 1026 nobis,
1081 979 1252 1026 insuere,
1291 980 1336 1015 ut
1368 979 1451 1016 sola

98 1041 198 1078 facie
248 1041 518 1089 praeminente
569 1042 741 1077 ceterum
792 1051 931 1088 corpus
975 1038 1133 1088 puellae
1177 1051 1281 1076 nexu
1324 1039 1450 1076 ferino
1472 1052 1504 1077 15

100 1101 316 1147 coherceat,
347 1102 441 1138 tunc
474 1112 593 1148 super
619 1099 781 1148 aliquod
807 1110 944 1136 saxum
971 1110 1203 1147 scruposum
1228 1098 1450 1136 insiciamm

99 1162 138 1197 et
174 1160 349 1197 fartilem
387 1160 544 1197 asinum
581 1171 773 1208 exponere
814 1160 853 1195 et
894 1158 987 1196 solis
1026 1157 1199 1195 ardentis
1237 1157 1451 1206 uaporibus

98 1219 265 1257 tradere.
334 1219 389 1257 sic
434 1220 537 1256 enim
583 1220 739 1265 cuncta,
786 1231 884 1267 quae
929 1219 1032 1255 recte
1078 1218 1291 1264 statuistis,
1337 1217 1450 1254 ambo
1471 1217 1521 1253 32

100 1279 359 1327 sustinebunt,
400 1280 439 1316 et
479 1279 645 1316 mortem
688 1278 838 1325 asinus,
875 1290 993 1326 quam
1024 1277 1178 1326 pridem
1209 1278 1371 1325 meruit,
1413 1278 1452 1314 et

98 1338 171 1376 illa
203 1351 352 1377 morsus
386 1338 577 1386 ferarum,
616 1350 703 1375 cum
742 1349 893 1375 uermes
931 1337 1107 1374 membra
1145 1337 1370 1385 laniabunt,
1413 1338 1452 1374 et
1471 1350 1505 1375 20

97 1398 201 1448 ignis
233 1398 503 1448 flagrantiam,
537 1410 625 1435 curn
658 1398 714 1435 sol
746 1394 935 1446 nim<i>is
967 1396 1163 1434 caloribus
1194 1395 1453 1434 inflammarit
1474 1404 1521 1429 117

97 1459 271 1505 uterum,
317 1459 356 1495 et
398 1457 570 1507 patibuli
613 1458 850 1505 cruciatum,
895 1468 983 1494 cum
1028 1468 1142 1494 canes
1188 1458 1227 1493 et
1270 1456 1450 1493 uultures

97 1518 238 1555 intima
270 1517 503 1566 protrahent
540 1518 702 1554 uiscera.
765 1517 832 1555 sed
864 1518 904 1553 et
940 1517 1089 1554 ceteras
1128 1517 1211 1553 eius
1244 1528 1451 1554 aerumnas

99 1579 138 1614 et
169 1579 367 1615 tormenta
398 1579 621 1614 numerate:
659 1579 837 1614 mortuae
876 1576 1025 1613 bestiae
1062 1575 1149 1624 ipsa
1187 1575 1325 1614 uiuens
1358 1588 1451 1612 uen-

98 1640 198 1674 trem
228 1636 437 1685 habitabit,
469 1639 554 1674 tum
585 1637 735 1674 faetore
768 1635 889 1674 nimio
921 1647 1034 1673 nares
1060 1631 1308 1686 (cruciante)
1341 1637 1451 1672 aestu
1471 1648 1504 1674 25

98 1698 137 1734 et
174 1696 328 1734 inediae
367 1696 543 1734 diutinae
580 1696 693 1733 letali
730 1696 833 1733 fame
872 1695 1047 1733 tabescet
1083 1706 1154 1732 nec
1192 1696 1272 1732 suis
1310 1695 1452 1732 saltem

98 1756 233 1794 liberis
265 1755 446 1793 manibus
478 1757 644 1793 mortem
677 1755 752 1794 sibi
784 1755 977 1792 fabricare
1009 1750 1183 1804 poterit.’

194 1870 220 1903 F
243 1873 336 1904 154⁸.
374 1884 401 1914 φ
423 1869 519 1904 4881).
667 1873 686 1903 2
722 1869 848 1903 sedato
885 1871 918 1912 (o
952 1873 993 1903 ut
1024 1869 1095 1903 vid.
1127 1880 1172 1903 επ
1203 1879 1224 1902 a
1250 1869 1354 1911 corr.)

99 1921 119 1950 4
146 1917 227 1962 pati
253 1929 297 1952 ex
321 1917 420 1962 patri
447 1929 536 1952 corr.
564 1916 641 1952 ead.
669 1929 713 1951 m.
851 1920 867 1949 7
897 1915 1075 1951 accessere
1103 1917 1159 1960 (φ)
1188 1926 1374 1950 accersere
1399 1916 1452 1950 vel

100 1975 284 1999 arcessere
310 1976 330 2000 v
367 1966 411 2008 cf.
435 1968 565 2007 1621&
592 1965 787 1999 Buecheler
820 1965 921 1999 Illus.
949 1964 1064 1999 Rhen.
1085 1963 1274 1997 XXXIX
1291 1966 1360 1998 414
1391 1963 1453 1998 sed

99 2013 144 2055 ef.
161 2013 223 2047 IX
243 2016 287 2046 41
316 2013 355 2046 X
377 2017 421 2047 10
521 2016 563 2046 14
590 2012 768 2046 mundam
790 2012 915 2047 Rohde
941 2012 1018 2046 coll.
1039 2011 1151 2046 Λούκ.
1172 2015 1197 2046 2
1228 2010 1381 2056 ἀγαθήν

104 2076 146 2106 16
173 2071 337 2106 insiticifi
365 2074 418 2117 (φ)
446 2084 508 2107 em.
530 2072 650 2106 Heius
770 2075 813 2104 ⁶20
840 2066 1041 2105 illamorsus
1061 2066 1089 2083 ¹¹¹
1117 2072 1163 2105 al.
1191 2082 1254 2112 m,
1280 2070 1350 2105 sed.
1378 2070 1450 2104 vid.

99 2120 211 2163 fuisse
242 2119 308 2154 illa
341 2121 396 2165 (φ)
546 2119 644 2153 umis
665 2120 719 2164 (φ,
745 2120 806 2154 sed
831 2119 844 2152 i
869 2123 955 2153 mut.
981 2119 1021 2152 in
1047 2120 1079 2163 e)
1225 2121 1267 2151 21
1295 2117 1408 2151 nimis

101 2181 145 2212 tp:
172 2166 299 2201 nimiis
416 2171 460 2201 25
487 2167 543 2201 Tu
571 2168 627 2212 (φ)
678 2178 761 2201 cum
782 2168 821 2201 E
846 2166 940 2213 (et)
969 2177 1052 2200 cum
1078 2166 1207 2201 Petsch
1334 2165 1448 2212 <cru-

100 2214 251 2261 ciante>
279 2215 391 2258 Luetj
561 2214 702 2248 aestuet
734 2216 809 2273 (φ)
821 2219 911 2249 recte
943 2215 1093 2249 dzstinoe.
1121 2212 1233 2256 Luetj
1270 2213 1314 2255 cf.
1341 2215 1399 2255 87,
1402 2216 1448 2247 21

102 2266 181 2305 129,
186 2265 230 2298 14
261 2263 372 2297 Λούκ.
388 2265 455 2297 25.-
486 2268 633 2305 πρῶτον
672 2262 737 2306 μὲν
774 2260 814 2297 τὸ
860 2265 977 2321 νεκρῷ
1012 2260 1091 2296 ὄντι
1130 2266 1332 2303 συνοικεῖν,
1372 2257 1450 2295 εἶτα

99 2309 237 2354 θέρους
269 2309 345 2359 ὥρα
377 2309 594 2367 θερμοτάτῳ
627 2308 715 2356 ἡλίῳ
751 2311 790 2345 ἐν
828 2309 954 2354 κτήνει
979 2310 1240 2354 καθεψεῖσθαι
1269 2307 1333 2342 καὶ
1364 2309 1453 2355 λιμῷ

101 2358 159 2393 ἀεὶ
184 2356 366 2394 κτείνοντι
392 2356 648 2403 ἀποθνῄσκειν
674 2357 737 2392 καὶ
764 2357 855 2403 μηδὲ
883 2356 1018 2403 ἑαυτὴν
1045 2356 1251 2398 ἀποπνῖξαι
1277 2354 1372 2401 ἔχειν
