1657 2526
211 83 293 125 176
350 83 525 119 APVLEI
550 80 1018 120 METAMORPHO‘SEON
1045 86 1131 121 LIB.
1153 87 1230 130 VH,
1258 91 1312 122 28.
1341 86 1434 131 VIII,
1463 91 1479 120 1

138 156 206 181 ocal.
1577 159 1600 183 Ε

136 204 187 228 501

136 442 188 466 502

154 744 186 768 10

134 1084 185 1108 504

154 1245 185 1269 16

134 1419 185 1442 505

207 193 325 245 esse'3
373 199 411 235 et
444 209 531 234 cum
564 197 667 235 dicto
701 197 891 235 subsertis
922 198 1104 236 manibus
1138 200 1306 237 exsoluit
1338 212 1449 238 suam
1480 198 1625 237 sib128

206 256 370 294 fasciam
402 256 600 305 pedesque
632 270 737 294 meos
770 257 1003 307 singillatim
1036 258 1205 309 inligans
1231 255 1242 309 ΙΙ
1267 258 1441 296 indidem
1467 271 1555 296 con-

207 317 368 365 stringit
400 317 608 363 artissime,
654 316 802 354 scilicet
834 330 880 353 ne
915 316 1017 365 quod
1050 318 1249 356 uindictae
1282 331 1390 355 meae
1422 330 1555 366 super-

208 378 309 412 esset
346 376 599 423 praesidium,
644 377 682 412 et
719 376 879 424 pertica,
926 388 1003 424 qua
1041 377 1187 414 stabuli
1225 378 1327 414 fores
1366 376 1555 415 offirmari

207 434 398 482 solebant,
444 435 607 483 adrepta
636 431 640 485 J
669 447 746 472 non
779 435 889 483 prius
921 449 982 472 me
1014 436 1131 473 desiit
1169 436 1395 484 obtundere,
1436 449 1556 485 quam

208 494 324 531 uictis
358 494 548 542 fessisque
589 494 739 532 uiribus
778 496 915 543 suopte
957 495 1129 543 pondere
1162 495 1401 545 degrauatus
1433 495 1556 533 mani-

206 553 277 590 bus
311 554 392 590 eius
425 553 540 590 fustis
574 555 676 591 esset
702 554 868 602 elapsus.
919 555 1013 591 tunc
1046 555 1091 591 de
1118 554 1367 593 brachiorum
1399 567 1558 592 suorum

206 613 285 649 cita
318 613 553 662 fatigatione
581 615 794 661 conquesta
820 615 1016 661 procurrit
1043 614 1092 651 ad
1120 614 1251 652 focum
1278 615 1556 663 ardentemque

206 673 387 709 titionem
433 685 570 721 gerens
615 673 754 709 mediis
793 670 1023 722 inguinibus
1062 673 1251 721 obtrudit,
1296 674 1417 711 donec
1461 674 1556 721 solo,
1578 681 1628 705 134

207 732 311 779 quod
331 731 518 779 restabat,
546 733 653 769 nisus
674 732 870 780 praesidio
891 732 1043 781 liquida
1063 732 1154 770 fimo
1175 734 1342 771 strictim
1364 729 1557 784 eg[r]esta

206 792 345 828 faciem
378 793 497 840 atque
530 792 662 828 oculos
696 791 777 828 eius
811 792 1115 829 confoedassem.
1173 805 1250 841 qua
1283 793 1472 830 caecitate
1499 794 1556 830 at-

207 863 280 899 que
318 851 467 888 faetore
506 851 665 887 tandem
704 852 842 900 fugata
881 854 940 888 est
977 864 999 888 a
1037 864 1098 888 me
1132 853 1340 900 pernicies:
1386 853 1557 889 ceterum

205 910 346 948 titione
380 910 585 947 delirantis
618 910 810 948 Althaeae
843 910 1040 961 Meleager
1072 912 1204 949 asinus
1236 911 1445 950 interisset.

710 1076 917 1115 LIBER
960 1077 1059 1114 VIII

294 1172 431 1210 Noctis
470 1172 672 1222 gallicinio
718 1174 829 1210 uenit
868 1172 1029 1221 quidam
1071 1173 1226 1210 iuuenis
1259 1170 1333 1223 (e)
1377 1173 1557 1221 proxima

207 1231 392 1280 ciuitate,
442 1234 489 1269 ut
532 1231 688 1281 quidem
734 1232 831 1269 mihi
876 1231 1100 1279 uidebatur,
1151 1245 1250 1270 unus
1302 1245 1347 1269 ex
1397 1233 1556 1271 famulis

207 1290 396 1340 Charites,
441 1292 598 1340 puellae
630 1291 749 1340 illius,
792 1305 891 1341 quae
924 1304 1076 1328 mecum
1110 1294 1206 1340 aput
1237 1291 1409 1330 latrones
1441 1304 1556 1340 pares

206 1363 412 1388 aerumnas
446 1351 733 1388 exanclauerat.
792 1352 825 1389 is
852 1351 898 1388 de
926 1352 1010 1388 eius
1038 1350 1155 1388 exitio
1191 1353 1228 1388 et
1261 1351 1398 1389 domus
1431 1353 1555 1389 totius

206 1409 422 1447 infortunio
456 1411 557 1447 mira
589 1422 633 1447 ac
666 1410 846 1458 nefanda,
879 1412 1010 1461 ignem
1042 1412 1202 1459 propter
1229 1410 1422 1459 adsidens,
1454 1412 1557 1448 inter

152 1484 166 1508 2
206 1482 482 1507 conseruorum
515 1469 777 1518 frequentiam
811 1470 865 1508 sic
898 1469 1177 1507 annuntiabat:

295 1525 532 1578 ‘Equisones
565 1530 848 1578 opilionesque,
892 1530 1012 1567 etiam
1044 1529 1254 1578 busequae,
1288 1529 1364 1566 fuit
1398 1528 1555 1567 Charite

206 1588 328 1637 nobis,
367 1601 466 1638 quae
504 1589 658 1626 misella
696 1593 734 1626 et
764 1589 924 1637 quidem
963 1601 1053 1627 casu
1093 1589 1327 1638 grauissimo
1360 1601 1430 1626 nec
1463 1602 1555 1626 uero

300 1690 327 1723 F
350 1690 544 1725 1581’1592⁴
575 1704 601 1734 φ
623 1694 693 1724 52⁸.
817 1695 836 1723 5
865 1690 1020 1733 abrepta
1071 1703 1115 1733 cp:
1144 1691 1291 1734 arrepta
1318 1691 1361 1732 cf.
1383 1693 1466 1733 21‚4

206 1741 225 1771 6
247 1738 461 1782 degrauatis
478 1739 651 1773 Passerat
675 1739 719 1781 (tf.
738 1741 841 1780 120,1
848 1741 866 1772 1
965 1742 984 1771 9
1007 1737 1216 1780 obtruditq3
1244 1739 1298 1782 (q;
1318 1738 1467 1780 induet„
1488 1749 1553 1772 om.

206 1787 248 1830 φ)
323 1785 491 1819 obtrudit
505 1797 621 1829 usque
635 1786 780 1830 ›S'cwppe
863 1789 904 1818 10
920 1785 1238 1830 liquido-egesto
1251 1786 1333 1820 ΟΜΖ
1347 1786 1390 1829 cf.
1402 1788 1484 1829 7134

205 1833 347 1877 egrefta
379 1835 437 1878 (φ,
464 1834 524 1868 sed
548 1837 682 1878 puncto
708 1834 774 1868 del.
801 1834 831 1877 r)
1058 1837 1098 1866 12
1133 1832 1275 1878 pniciel'
1302 1834 1358 1878 (φ)
1384 1832 1402 1866 s
1429 1837 1554 1877 postea

205 1881 332 1921 addit„
359 1882 442 1924 fort.
470 1882 515 1915 ab
542 1882 588 1915 al.
616 1893 659 1915 m.
797 1884 837 1914 13
865 1880 1075 1914 interissem
1102 1881 1234 1915 Florz'd
1259 1881 1343 1922 fort.
1370 1885 1460 1916 reete

206 1965 279 2009 Ego
311 1964 497 1998 sallustius
530 1964 605 2009 legi
638 1964 665 1997 &v
700 1963 848 1998 effidaui
883 1974 983 1998 rome
1019 1963 1123 1998 Felix
1144 1991 1151 1998 .
1179 1929 1418 2007 Mefllaphora
1449 1963 1555 2009 morl-

206 2023 329 2057 foseon
355 2023 420 2057 Lib
442 2023 518 2058 VII.
542 2022 683 2066 explic.
705 2022 831 2057 INCIP
852 2022 956 2057 liber.
978 2022 1071 2057 VIII.
1094 2022 1261 2056 feliciter.
1387 2026 1428 2055 15
1451 2022 1554 2068 (de)

204 2071 373 2115 proxima
402 2071 444 2105 'cd
455 2072 503 2106 Vl
528 2072 604 2105 coll.
625 2074 756 2109 210st
782 2073 916 2114 227‚19
965 2070 1065 2117 (ex)
1091 2082 1145 2114 pr.
1173 2071 1312 2104 lVower
1420 2073 1463 2103 :20
1491 2080 1552 2104 an-

204 2120 396 2188 nuntialuaitt
421 2166 482 2188 em.
510 2154 586 2188 cad.
615 2166 658 2188 m.
711 2166 755 2197 φε
784 2153 1032 2187 annuntiabat
1174 2157 1215 2186 21
1245 2153 1320 2187 etia
1346 2152 1453 2186 bures
1474 2154 1552 2197 (po-

204 2202 332 2236 sterior
352 2202 369 2235 s
387 2202 534 2245 induet.)-
557 2212 628 2247 que
673 2214 717 2245 qo:
740 2201 815 2235 etia
835 2200 948 2245 buseq
1070 2202 1106 2234 et
1126 2200 1325 2244 busequae,
1346 2200 1421 2233 iam
1442 2200 1479 2233 E

277 2252 320 2282 22
342 2248 450 2282 nobis
474 2264 493 2293 q
516 2250 571 2293 (φ)
611 2249 717 2282 nobis
745 2259 857 2291 quam
882 2261 903 2283 v
941 2248 1047 2282 nobis
1074 2248 1248 2293 quoniam
1272 2248 1405 2282 Gruter
1430 2246 1553 2282 nobis-

206 2308 277 2339 que
299 2296 337 2330 E
378 2296 559 2339 nobisque
586 2295 731 2330 misella
758 2295 953 2342 (permit)
973 2297 1076 2331 vdVl
1116 2295 1222 2330 nobis
1250 2324 1256 2329 .
1285 2295 1423 2339 quippe
1445 2295 1554 2337 Luety'

206 2343 299 2378 obiit
326 2344 463 2388 quippe
491 2344 616 2379 Rolade
666 2343 771 2378 nobis
798 2347 822 2387 c]
849 2344 907 2377 He
