1657 2526
49 161 117 187 Oud.

47 504 98 532 5⁵7

52 1573 104 1598 558

249 85 425 120 APVLEI
451 82 917 119 METAMORPHOSEON
947 82 1034 116 LIB.
1056 81 1151 124 VIII,
1180 85 1316 115 17-19
1389 81 1468 122 191

1494 155 1518 178 E

119 212 196 249 quo
240 199 373 236 dolore
418 199 614 236 commota
658 197 794 234 statim
838 195 934 233 fletu
976 206 1064 231 cum
1103 194 1272 232 clamore
1317 193 1472 232 sublato

117 258 307 297 maritum
333 270 444 294 suum
478 253 727 306 pa<st0>rem
751 255 865 293 illum
892 255 1164 303 suppetiatum
1196 252 1281 290 ciet.
1333 256 1375 290 at
1406 254 1472 290 ille
1495 253 1545 288 18

118 318 233 356 deum
282 316 399 354 fidem
449 316 658 353 clamitans
703 316 743 352 et
792 326 969 351 cruorem
1012 312 1144 349 uxoris
1190 309 1472 361 ab<s>tergens

119 378 237 415 altius
271 375 506 426 quiritabat:
541 371 652 423 ‘quid
678 375 842 412 miseros
868 373 1046 410 homines
1079 374 1118 409 et
1147 371 1363 409 laboriosos
1390 371 1472 407 uia-

117 440 222 474 tores
272 438 354 473 tam
406 434 626 472 crudelibus
678 434 819 471 animis
864 431 1053 470 inuaditis
1099 433 1218 479 atque
1266 429 1474 468 obteritis‘?
1512 444 1527 468 5

119 508 216 545 quas
248 494 415 544 praedas
448 490 676 545 [m]uultis?
728 505 827 541 quae
861 492 1005 529 damna
1030 488 1269 527 uindicatis?
1321 491 1363 526 at
1396 502 1474 527 non

119 555 322 604 speluncas
354 555 527 591 ferarum
560 553 624 590 uel
656 554 787 590 cautes
820 550 993 589 incolitis
1026 549 1295 598 barbarorum,
1328 551 1374 586 ut
1404 549 1473 585 hu-

119 627 236 652 mano
269 613 460 664 sanguine
493 613 653 662 profuso
687 607 920 662 gaudeatis.’

207 673 285 710 Vix
327 673 424 710 haec
468 672 575 710 dicta
619 673 658 709 et
702 671 839 709 statim
882 669 1061 718 lapidum
1103 670 1312 717 congestus
1351 679 1474 705 cessa-

118 735 179 770 uit
215 732 340 770 imber
369 729 372 783 Ι
403 733 441 769 et
472 732 705 769 infestorum
738 742 879 768 canum
910 731 1096 766 reuocata
1128 726 1356 776 conquieuit
1386 739 1475 775 pro·
1496 740 1530 765 10

120 793 230 830 cella.
275 804 376 829 unus
407 791 518 828 illinc
551 791 719 839 denique
753 789 799 827 de
833 801 984 826 summo
1017 799 1223 836 cupressus
1257 787 1475 824 cacumine:

122 849 176 889 ‘at
206 847 304 901 nos’,
336 851 479 899 inquit,
512 847 606 888 ‘non
638 852 860 887 uestrorum
892 848 1109 897 spoliorum
1141 846 1324 895 cupidine
1354 846 1475 883 latro—
1497 854 1550 878 14⁶

120 912 317 958 cinamur‚
359 911 425 948 sed
467 910 568 947 hanc
608 911 736 958 ipsam
779 907 929 946 cladem
972 907 1018 944 de
1058 907 1200 944 uestris
1233 905 1475 955 protelamus

119 970 312 1008 manibus.
369 971 448 1008 iam
482 969 650 1018 denique
682 981 778 1016 pace
809 967 1028 1016 tranquilla
1061 965 1186 1004 securi
1219 966 1385 1014 potestis
1418 965 1477 1001 in-

122 1027 281 1068 cedere.'
1498 1037 1532 1062 15

212 1089 276 1127 Sic
308 1089 388 1137 ille,
421 1087 488 1126 sed
518 1100 590 1126 nos
621 1087 873 1136 plurifariam
905 1085 1105 1123 uulnerati
1143 1085 1338 1133 reliquam
1370 1084 1477 1120 uiam

123 1149 362 1197 capessimus
395 1149 497 1185 alius
529 1147 693 1196 lapidis⁷
732 1147 833 1184 alius
865 1157 1017 1183 morsus
1055 1145 1220 1182 uulnera
1251 1144 1477 1191 referentes⁷

121 1209 297 1246 uniuersi
327 1210 458 1246 tamen
493 1207 627 1245 saucii.
691 1207 898 1255 aliquanto
938 1204 1106 1253 denique
1144 1205 1234 1241 uiae
1271 1214 1477 1252 permenso

122 1268 252 1317 spatio
284 1269 537 1316 peruenimus
570 1266 620 1303 ad
653 1278 790 1304 nemus
830 1263 1027 1313 quoddam
1064 1263 1238 1312 proceris
1272 1262 1477 1300 arboribus

122 1328 317 1365 consitum
349 1329 387 1364 et
412 1325 662 1376 pratentibus
690 1325 849 1362 uirectis
876 1336 1095 1370 amoenum,
1127 1322 1196 1360 ubi
1221 1322 1373 1371 placuit
1397 1321 1477 1359 illis
1498 1335 1533 1360 20

122 1386 350 1424 ductoribus
383 1386 527 1424 nostris
560 1386 729 1423 refectui
754 1384 964 1433 paululum
996 1383 1270 1431 conquiescere
1298 1393 1478 1430 corpora-

124 1459 197 1495 que
243 1458 314 1484 sua
358 1445 511 1483 diuerse
555 1444 707 1482 laniata
751 1444 888 1482 sedulo
933 1454 1125 1480 recurare.
1196 1454 1287 1491 ergo
1331 1440 1480 1489 passim

121 1507 314 1554 prostrati
346 1505 428 1543 solo
460 1504 632 1553 primum
664 1505 855 1554 fatigatos
889 1502 1042 1539 animos
1073 1513 1305 1550 recuperare
1338 1512 1383 1537 ac
1415 1499 1479 1536 de-

122 1565 214 1602 hinc
258 1564 487 1602 uulneribus
531 1564 704 1602 medelas
747 1564 881 1600 uarias
927 1561 1112 1599 adhibere
1156 1562 1366 1608 festinant,
1417 1559 1480 1597 hic

124 1636 300 1662 cruorem
332 1624 648 1673 praeterfluentis
682 1635 808 1671 aquae
849 1635 935 1660 rore
975 1621 1150 1669 deluere,
1188 1620 1256 1657 ille
1295 1619 1479 1668 spongeis
1501 1631 1533 1656 25

122 1684 335 1721 inacidatis
385 1685 558 1721 tumores
609 1683 884 1731 comprimere,
936 1681 1036 1719 alius
1086 1680 1261 1718 fasciolis
1313 1673 1480 1731 hianf'gtes

123 1743 272 1780 uincire
303 1743 455 1793 plagas.

213 1803 275 1839 Ad
325 1804 448 1841 istum
491 1802 652 1840 modum
705 1801 828 1839 saluti
878 1811 971 1837 suae
1022 1801 1188 1848 quisque
1238 1797 1478 1836 consulebat.

124 1863 275 1899 interea
313 1862 476 1911 quidam
513 1874 629 1900 senex
673 1860 719 1898 de
749 1872 902 1898 summo
942 1859 1041 1897 colle
1078 1860 1324 1907 prospectat,
1363 1870 1480 1906 quem
1504 1856 1553 1890 19

125 1923 271 1959 circum
303 1921 476 1970 capellae
508 1922 715 1970 pascentes
753 1920 967 1968 opilionem
1000 1930 1082 1956 esse
1119 1918 1296 1968 profecto
1337 1917 1480 1954 clama-
1501 1929 1535 1954 30

221 2093 249 2127 F
270 2097 364 2128 162³.
393 2107 420 2138 φ
442 2093 516 2128 54¹³.
633 2097 652 2127 2
679 2092 837 2139 pastogre
865 2093 920 2137 (φ)
948 2090 1002 2126 sto
1029 2093 1070 2125 in
1095 2090 1253 2133 confinio
1280 2100 1366 2124 vers.
1394 2089 1479 2124 add.

127 2155 173 2188 al.
201 2165 245 2188 m.
410 2157 429 2186 3
458 2152 617 2198 abtgens
639 2164 700 2187 em.
729 2166 755 2197 φ
927 2155 945 2185 6
978 2149 1134 2184 munitis
1157 2151 1212 2194 (φ)
1246 2149 1290 2192 cf.
1312 2160 1342 2184 v.
1372 2151 1418 2183 12
1430 2159 1480 2192 sq.

126 2201 281 2235 inhiatis
307 2202 347 2236 E
395 2200 531 2244 cupitis
558 2199 577 2235 L?
592 2200 722 2235 Novak
765 2199 882 2234 uultis
909 2199 968 2234 He
1162 2201 1205 2232 12
1233 2197 1281 2231 ad
1307 2197 1363 2242 (φ)
1403 2196 1442 2230 at
1462 2206 1482 2229 v

128 2249 173 2292 cf.
194 2251 328 2291 196,23
353 2250 463 2291 219‚3
498 2247 602 2294 (en)
629 2247 752 2290 inquit
779 2249 931 2292 (servato
958 2246 1006 2280 ad
1031 2246 1111 2290 nos)
1133 2245 1334 2280 HMueller

129 2300 172 2330 20
197 2295 415 2377 pagegfflbus
441 2306 461 2329 v
614 2298 657 2329 26
681 2294 883 2330 inacidatis
905 2295 961 2338 (φ)
988 2293 1088 2327 inaci
1107 2293 1230 2335 resict„
1256 2292 1318 2326 secl
1337 2290 1386 2325 id.
1406 2291 1483 2333 fnit

175 2354 236 2377 ma
266 2344 277 2378 i
308 2343 381 2378 atis
406 2355 426 2377 v
