1657 2526
233 42 406 80 APVLEI
431 40 896 79 METAMORPHOSEON
924 41 1008 78 1213.
1030 41 1142 86 vnn,
1170 46 1225 79 26.
1252 47 1295 78 27
1353 45 1438 87 223

19 120 86 144 (md.
1461 118 1485 142 Ji

15 286 69 312 645

11 1298 66 1323 646

7 1893 61 1919 647

88 159 231 206 inuita,
263 158 404 196 mulier
436 158 620 207 quippini
651 156 890 195 destinatam
931 157 1013 194 alii.
1077 157 1144 194 sed
1175 156 1274 193 mihi
1305 158 1441 205 penita

88 216 352 266 carpebantur
388 216 618 266 praecordia
656 218 695 254 et
732 215 970 265 praecedens
1003 215 1156 253 facinus
1189 217 1228 253 et
1259 228 1440 265 praesen-

88 279 167 314 tem
200 276 434 314 deterrimae
466 275 637 314 feminae
675 276 941 313 constantiam
980 275 1174 326 cogitanti
1206 287 1439 324 mecumque

88 335 225 374 sedulo
259 335 537 383 deliberabam,
569 336 603 373 si
637 347 712 384 quo
745 335 861 372 modo
887 347 1043 384 possem
1069 334 1234 372 detectis
1261 347 1305 372 ac
1331 347 1440 372 reue-

88 395 180 433 latis
212 395 419 434 fraudibus
458 395 650 432 auxilium
687 406 774 432 meo
806 394 1011 444 perhibere
1044 394 1203 432 domino
1235 394 1439 442 illumque,
1460 403 1474 428 5

88 455 157 504 qui
183 454 233 492 ad
270 454 396 493 instar
433 453 643 492 testudinis
685 454 844 492 alueum
877 453 1129 502 succubabat,
1161 453 1324 503 depulso
1356 456 1438 504 teg·
1461 463 1509 487 171

88 514 191 551 mine
223 514 373 553 cunctis
405 514 538 563 palam
570 513 710 552 facere.
774 514 829 552 sic
868 513 957 551 erili
988 513 1229 551 contumelia
1259 526 1320 551 me
1353 526 1440 551 cru-
1461 513 1508 549 27

89 575 237 611 ciatum
268 573 428 611 tandem
460 573 640 611 caelestis
671 573 846 622 respexit
874 572 1139 622 prouidentia.
1201 585 1293 610 nam
1325 584 1440 610 senex

88 633 270 681 claudus,
309 633 372 671 cui
410 635 547 671 nostra
578 632 707 670 tutela
748 633 940 681 permissa
978 633 1119 681 fuerat,
1152 633 1339 670 uniuersa
1370 644 1439 670 nos

87 694 276 741 iumenta,
308 692 347 729 id
380 692 478 730 hora
509 694 591 730 iam
621 691 863 741 postulante,
895 691 945 730 ad
977 692 1108 730 lacum
1134 692 1357 741 proximum
1383 691 1439 728 bi·
1465 702 1494 725 10

88 752 206 789 bendi
237 764 355 790 causa
388 753 584 803 gregatim
616 751 879 801 prominabat.
931 765 1033 801 quae
1059 764 1120 790 res
1147 751 1440 800 optatissimam

86 812 185 849 mihi
203 811 403 849 uindictae
424 811 744 849 subministrauit
764 812 1020 850 occasionem.
1071 824 1243 861 namque
1266 813 1439 861 praeter-

88 871 269 921 grediens
301 871 531 909 obseruatos
568 872 761 909 extremos
794 871 966 909 adulteri
997 871 1156 921 digitos,
1182 871 1251 920 qui
1276 883 1346 920 per
1371 883 1438 908 an-

86 931 237 981 gustias
279 931 369 969 caui
412 931 598 982 tegminis
643 930 932 980 prominebant,
977 930 1182 980 obliquata
1227 932 1346 979 atque
1378 931 1439 968 in-

86 992 189 1028 festa
220 991 371 1041 ungula
403 1002 633 1040 conpressos
665 1003 790 1039 usque
818 990 865 1028 ad
894 1002 1088 1028 summam
1114 989 1324 1028 minutiem
1351 1002 1439 1028 con·
1462 999 1492 1024 15

85 1052 182 1099 tero,
227 1050 349 1088 donec
392 1049 637 1088 intolerabili
680 1050 815 1088 dolore
853 1052 1083 1099 commotus,
1129 1049 1285 1088 sublato
1317 1049 1440 1087 flebili

85 1110 256 1148 clamore
287 1110 526 1159 repulsoque
569 1112 608 1146 et
646 1109 798 1148 abiecto
836 1109 969 1159 alueo,
1010 1110 1240 1159 conspectui
1272 1110 1439 1159 profano

85 1168 262 1207 redditus
312 1181 494 1208 scaenam
546 1169 810 1218 propudiosae
861 1169 1038 1208 mulieris
1088 1170 1288 1219 patefecit.
1369 1182 1440 1206 nec

84 1230 217 1267 tamen
255 1230 383 1278 pistor
419 1229 562 1266 damno
603 1229 820 1278 pudicitiae
852 1241 1091 1279 magnopere
1125 1231 1343 1267 commotus
1377 1242 1437 1266 ex-

86 1285 282 1339 sangu<i>
322 1288 474 1338 pallore
517 1288 786 1337 trepidantem
828 1302 995 1338 puerum
1033 1301 1170 1327 serena
1201 1284 1212 1340 Η
1236 1289 1366 1327 fronte
1400 1290 1438 1326 et
1459 1298 1492 1322 20

83 1348 303 1397 propitiata
334 1348 434 1386 facie
468 1348 730 1387 commulcens
761 1348 920 1398 incipit:

175 1405 300 1445 ‘Nihil
331 1408 444 1446 triste
484 1408 530 1446 de
568 1420 629 1445 me
662 1408 754 1456 tibi,
786 1407 855 1456 fili,
893 1410 1058 1447 metuas.
1121 1422 1200 1447 non
1231 1421 1318 1446 sum
1350 1408 1436 1446 bar-

83 1466 201 1506 barus
233 1479 303 1506 nec
335 1468 483 1518 agresti
514 1481 670 1506 morum
697 1468 880 1517 squalore
906 1469 1112 1518 praeditus
1137 1481 1208 1507 nec
1235 1468 1285 1506 ad
1311 1481 1436 1506 exem-

82 1527 194 1576 plum
227 1527 413 1565 naccinae
445 1527 710 1566 truculentiae
744 1528 917 1577 sulpuris
949 1530 989 1566 te
1015 1528 1127 1566 letali
1153 1529 1261 1566 fumo
1287 1527 1435 1566 necabo

83 1599 128 1624 ac
171 1600 219 1624 ne
262 1588 360 1624 iuris
405 1587 565 1637 quidem
606 1583 901 1639 seueritate[m]
941 1588 1028 1638 lege
1067 1587 1113 1626 de
1146 1588 1352 1626 adulteriis
1386 1587 1435 1625 ad
1455 1597 1488 1622 25

82 1645 291 1684 discrimen
328 1647 478 1685 uocabo
520 1647 662 1696 capitis
703 1648 787 1685 tam
817 1649 1030 1685 uenustum
1068 1649 1229 1697 tamque
1261 1647 1436 1696 pulchel-

82 1705 164 1743 lum
188 1706 379 1755 puellum,
411 1706 478 1744 sed
504 1706 621 1755 plane
651 1719 739 1745 cum
766 1720 885 1745 uxore
910 1719 998 1745 mea
1023 1708 1218 1757 partiario
1244 1707 1435 1745 tractabo.

81 1777 152 1803 nec
192 1765 469 1804 herciscundae
512 1766 707 1814 familiae,
751 1766 817 1804 sed
862 1768 1062 1805 communi
1105 1766 1326 1806 diuidundo
1357 1766 1435 1805 for-

80 1824 190 1862 mula
221 1819 440 1878 dimilcabo,
480 1828 525 1863 ut
562 1823 647 1864 sine
678 1826 763 1864 ulla
795 1828 1067 1865 controuersia
1097 1827 1161 1864 uel
1193 1826 1435 1865 dissensione

80 1883 209 1922 tribus
234 1884 347 1923 nobis
372 1887 415 1922 in
440 1898 518 1924 uno
545 1886 757 1924 conueniat
781 1885 937 1925 lectulo.
988 1900 1079 1924 nam
1106 1888 1145 1925 et
1170 1887 1254 1936 ipse
1281 1899 1436 1937 semper
1455 1896 1488 1922 30

176 2058 203 2092 F
232 2058 421 2093 168¹³169⁸.
449 2073 476 2104 φ
498 2059 594 2094 60⁸1&
693 2066 707 2093 1
733 2043 840 2104 pedt3
868 2061 890 2104 (ς
916 2061 963 2095 al.
992 2072 1036 2094 m.
1058 2070 1147 2096 corr.
1176 2072 1220 2095 ew
1244 2071 1277 2103 a,
1303 2061 1345 2094 in
1364 2071 1432 2106 my.

79 2117 124 2140 m.
147 2118 206 2150 pr.
233 2105 376 2150 penita)
427 2120 471 2151 ‹pz
503 2107 634 2151 penita
731 2114 750 2141 6
783 2107 893 2142 albefi
926 2107 962 2152 (b
989 2111 1077 2143 mut.
1103 2109 1145 2142 in
1169 2109 1206 2151 u)
1304 2115 1318 2142 7
1352 2108 1432 2142 ctu-

79 2153 217 2188 melia*
244 2158 348 2197 (eras.
362 2155 393 2198 ‘)
490 2161 526 2188 15
547 2154 718 2198 *cpressos
745 2156 834 2198 (fuit
858 2159 943 2190 ante
974 2155 1167 2200 ephenfof,
1192 2157 1233 2190 in
1260 2167 1326 2201 my.
1354 2156 1432 2190 ead.

79 2213 123 2236 m.
145 2201 232 2236 add.
252 2201 375 2246 pssos)
426 2214 470 2246 φτ
497 2202 642 2247 copssos
734 2209 768 2236 17
796 2202 904 2237 albeo
931 2203 969 2248 (b
995 2208 1083 2238 mut.
1102 2204 1144 2238 in
1169 2205 1205 2248 u)
1304 2210 1340 2237 1⁹
1366 2215 1434 2247 pu-

80 2260 232 2295 dicitiae
253 2260 433 2307 (uxoris)
455 2261 502 2296 vd
511 2261 560 2296 Vl
652 2252 826 2306 exsangui
846 2252 871 2296 (i
889 2275 933 2297 sm,
955 2274 1021 2298 rec.
1043 2263 1143 2307 add.)
1241 2270 1279 2296 25
1302 2262 1433 2297 seueri-

80 2309 158 2342 tate
185 2309 241 2353 (φ)
268 2319 332 2343 em.
358 2320 379 2342 υ
476 2315 514 2343 28
539 2308 772 2356 hirciscunde
798 2310 854 2354 (φ)
