1611 2516
147 81 204 123 90
301 82 478 117 APVLEI
502 82 970 118 METAMORPHOSEON
995 83 1083 118 LIB.
1103 83 1180 126 IIII,
1207 87 1261 119 20.
1289 88 1332 118 21

78 156 147 181 Oua.
1514 158 1540 183 E

150 196 295 245 aspexi,
328 195 632 244 Thrasyleonem
664 197 840 234 nostrum
868 197 1036 234 cateruis
1064 208 1204 234 canum
1231 198 1492 234 saeuientium

152 255 323 292 cinctum
357 256 475 303 atque
502 254 699 293 obsessum
726 256 939 304 multisque
965 268 1125 293 numero
1151 255 1344 294 morsibus
1368 257 1491 294 lania-

150 316 246 351 tum.
297 313 464 363 denique
489 315 595 351 tanti
621 314 768 352 doloris
793 315 1003 364 impatiens
1028 315 1168 364 populi
1187 315 1492 353 circumfluentis
1511 327 1546 350 69

151 373 317 411 turbelis
349 373 570 411 immisceor
603 376 641 411 et
671 374 712 410 in
746 387 823 423 quo
857 374 939 411 solo
971 376 1148 423 poteram
1182 375 1348 412 celatum
1383 375 1490 412 auxi-

76 443 129 468 283
148 432 245 470 lium
300 433 401 471 bono
457 433 556 470 ferre
613 433 889 481 commilitoni,
946 435 1000 471 sic
1048 433 1246 484 indaginis
1295 434 1492 483 principes

149 492 404 530 dehortabar:
446 491 492 529 “o
526 487 709 542 grande'',
740 493 915 542 inquam,
947 491 1010 531 “et
1037 495 1252 531 extremum
1284 493 1492 544 flagitium,

79 559 124 594 21
149 564 331 601 magnam
365 553 404 589 et
428 565 520 589 uere
546 552 759 600 pretiosam
787 552 984 601 perdimus
1011 547 1214 591 bestiam.''
1264 565 1334 591 nec
1359 554 1492 591 tamen

148 612 273 649 nostri
293 612 482 649 sermonis
505 612 609 649 artes
628 611 900 650 infelicissimo
920 612 1155 660 profuerunt
1169 612 1319 661 iuueni3
1346 614 1492 662 quippe

150 671 307 719 quidam
329 683 560 719 procurrens
587 684 606 707 e
633 670 748 708 domo
768 683 954 720 procerus
975 673 1013 708 et
1039 671 1194 709 ualidus
1221 673 1494 709 incunctanter

96 740 128 765 10
148 731 325 768 lanceam
363 729 501 767 mediis
539 731 676 768 iniecit
712 743 827 768 ursae
864 731 1103 780 praecordiis
1141 744 1211 769 nec
1250 743 1358 769 secus
1390 731 1492 769 alius

150 791 189 827 et
233 801 319 827 ecce
363 789 535 839 plurimi,
579 791 657 828 iam
703 791 845 827 timore
889 790 1080 839 discusso,
1123 791 1303 828 certatim
1341 791 1493 841 gladios

149 850 271 886 etiam
303 849 349 886 de
382 851 560 898 proximo
594 851 820 899 congerunt.
884 851 1084 887 enimuero
1112 850 1355 899 Thrasyleon
1387 862 1494 900 egre-

148 908 256 959 gium
289 908 404 947 decus
448 909 603 946 nostrae
635 909 819 947 factionis
850 909 1010 947 tandem
1042 910 1341 947 immortalitate
1373 909 1492 960 digno

148 968 218 1006 illo
258 969 402 1017 spiritu
441 970 663 1018 expugnato
702 969 829 1019 magis
868 981 984 1018 quam
1023 970 1218 1018 patientia
1255 982 1381 1018 neque
1414 969 1493 1007 cla-

97 1035 128 1061 15
150 1040 255 1065 more
295 1040 339 1065 ac
378 1040 424 1065 ne
464 1028 622 1065 ululatu
662 1028 819 1076 quidem
853 1028 968 1066 fidem
1001 1029 1235 1066 sacramenti
1308 1028 1494 1078 prodidit,

149 1087 215 1125 sed
264 1088 345 1124 iam
394 1087 587 1125 morsibus
644 1088 839 1126 laceratus
895 1088 1075 1137 ferroque
1126 1088 1300 1125 laniatus
1351 1087 1493 1126 obnixo

149 1148 303 1197 mugitu
348 1148 386 1183 et
430 1147 555 1184 ferino
600 1147 760 1184 fremitu
798 1149 1043 1196 praesentem
1082 1144 1269 1197 casu<m>
1308 1159 1493 1197 generoso

150 1206 285 1256 uigore
310 1206 483 1244 tolerans
510 1207 677 1255 gloriam
704 1206 779 1244 sibi
804 1208 1035 1255 reseruauit,
1061 1207 1186 1244 uitam
1207 1207 1290 1245 fato
1311 1206 1493 1244 reddidit.

150 1267 262 1303 tanto
294 1267 427 1303 tamen
458 1267 606 1304 terrore
637 1267 829 1314 tantaque
861 1266 1069 1304 formidine
1097 1268 1250 1304 coetum
1275 1266 1388 1303 illum
1414 1268 1495 1304 tur-

96 1333 129 1359 20
148 1325 322 1373 bauerat,
367 1326 412 1362 ut
454 1338 577 1374 usque
619 1325 845 1374 diluculum,
883 1325 1002 1363 immo
1041 1328 1079 1363 et
1111 1327 1150 1363 in
1190 1326 1360 1363 multum
1392 1325 1495 1363 diem

150 1397 262 1422 nemo
301 1385 510 1434 quisquam
549 1386 668 1422 fuerit
705 1398 835 1433 ausus,
873 1386 1054 1434 quamuis
1092 1386 1296 1433 iacentem,
1328 1385 1493 1423 bestiam

79 1453 131 1478 284
152 1445 217 1481 uel
250 1444 375 1495 digito
408 1445 643 1495 contingere,
676 1444 753 1482 nisi
778 1444 935 1483 tandem
963 1446 1074 1494 pigre
1101 1457 1145 1483 ac
1170 1444 1307 1482 timide
1335 1444 1495 1494 quidam

149 1504 278 1541 lanius
317 1504 436 1553 paulo
474 1503 658 1542 fidentior
694 1506 806 1542 utero
843 1500 993 1542 bestiae
1024 1506 1172 1542 resecto
1205 1516 1318 1542 ursae
1345 1505 1494 1554 magni-

149 1563 263 1600 ficum
302 1563 544 1613 despoliauit
581 1564 785 1602 latronem.
849 1565 904 1601 sic
942 1563 1062 1601 etiam
1100 1564 1342 1612 Thrasyleon
1384 1563 1495 1602 nobis

150 1702 234 1735 cent
259 1706 325 1736 aut
357 1700 596 1736 commiscent
621 1713 641 1736 υ
684 1703 727 1745 0Ῑῖ
753 1702 927 1746 lVeyman
953 1702 1061 1735 Areh.
1088 1702 1113 1743 f.
1143 1702 1203 1736 lat.
1232 1702 1320 1736 Lex.
1342 1701 1406 1735 IX
1424 1704 1494 1736 138

150 1750 243 1793 apol.
266 1752 345 1791 40,1
375 1752 514 1790 113‚22.

244 1796 270 1830 F
294 1796 389 1830 14lb.
417 1811 443 1840 φ
466 1800 556 1831 38⁸¹.
678 1803 692 1829 1
724 1796 949 1830 thrasileone
1071 1804 1087 1830 2
1114 1795 1266 1838 morsib3
1294 1797 1325 1841 (r
1351 1807 1393 1830 eae
1420 1796 1444 1838 s,
1470 1795 1493 1830 b

149 1848 189 1878 ut
215 1845 286 1878 vid.
314 1855 356 1878 em
383 1855 404 1877 u
431 1855 519 1879 corr.
548 1845 624 1879 ead.
653 1856 710 1885 m,
731 1848 814 1888 post
840 1844 862 1877 b
890 1844 1018 1887 eras.9)
1140 1851 1156 1877 4
1182 1844 1221 1877 in
1247 1844 1312 1878 del.
1333 1844 1381 1878 vd
1391 1845 1438 1878 Vl

150 1914 299 1948 celatim
327 1916 419 1959 Lips
521 1922 553 1948 11
580 1900 725 1960 gladiffs
746 1916 863 1959 (erasa
890 1915 902 1948 i
928 1927 990 1949 em.
1018 1916 1094 1949 ead.
1123 1917 1182 1959 m.)
1232 1929 1276 1959 qn:
1304 1914 1452 1959 gladios

149 1969 184 1996 12
200 1964 334 2008 cgerfit
358 1963 359 2004 l
384 1963 432 1996 rit
459 1964 502 2007 (lt
522 1964 562 1996 in
577 1963 701 2007 priore
721 1975 823 1997 versu
843 1964 915 1998 vid.
931 1967 1058 2007 postea
1079 1963 1205 2004 addit„
1226 1962 1276 1996 rit
1296 1962 1447 2006 induet.)

151 2024 194 2054 φτ
229 2012 408 2055 cogerunt
463 2010 638 2054 ing-erunt
663 2011 766 2045 vde
893 2017 928 2044 14
960 2011 1112 2054 spiritus
1138 2011 1263 2053 potins
1295 2021 1404 2054 quam
1425 2021 1494 2054 pa-

149 2059 278 2092 tientia
305 2058 437 2092 desinit
462 2060 506 2101 cf.
530 2061 716 2102 165324311.
838 2068 958 2101 neque
981 2086 986 2091 .
1011 2087 1016 2092 .
1040 2086 1046 2092 .
1068 2068 1110 2091 ac
1137 2069 1182 2092 ne
1214 2059 1257 2101 cf.
1280 2060 1445 2102 96,2osq.

150 2111 185 2138 15
205 2104 351 2139 ululatu
373 2107 428 2149 (φ)
449 2107 567 2140 altera
586 2117 610 2138 u
630 2107 670 2140 in
689 2117 761 2140 ras.
866 2112 899 2138 17
922 2106 1003 2139 casii
1025 2107 1079 2149 (φ)
1100 2106 1281 2149 vir-qulam
1301 2105 1370 2139 vid.
1387 2106 1433 2139 al.
1449 2117 1492 2138 m.

149 2153 335 2187 addidisse
479 2160 516 2186 23
542 2152 639 2187 lani⁹
665 2155 719 2197 (φ)
746 2153 776 2187 i⁹
801 2154 849 2187 al.
876 2165 919 2186 m.
948 2164 1025 2195 ser„
1051 2153 1112 2187 sed
1137 2152 1209 2187 vid.
1236 2153 1351 2195 fuisse
1376 2152 1435 2186 ius

150 2211 257 2235 ursae
282 2200 357 2234 scil.
386 2201 435 2234 ad
460 2200 603 2234 bestiae
630 2201 744 2235 addit.
773 2201 838 2235 del.
862 2201 983 2235 Iu'oald
1008 2211 1093 2234 ursa
1115 2200 1203 2235 Prie
1222 2210 1328 2234 ursae
1349 2199 1494 2244 magni-

149 2247 217 2281 fico
251 2248 348 2282 corio
376 2248 485 2290 Luezffij
529 2249 639 2283 datio.
668 2248 809 2291 defend.
838 2248 963 2282 I’elsch
994 2249 1061 2283 coll
1088 2250 1171 2290 52,7
1184 2259 1246 2291 sq„
1271 2250 1408 2290 276,26
1433 2248 1493 2290 eft.

151 2296 310 2330 Prescott
340 2296 533 2338 festivitate
565 2297 708 2340 connita
852 2302 889 2328 23
923 2294 1121 2339 magnifici}
1147 2297 1200 2339 (φ)
1232 2297 1256 2328 si
1282 2306 1326 2329 eac
1357 2306 1377 2329 o
1409 2296 1493 2338 fort.

151 2343 226 2377 ead.
247 2355 291 2377 m.
313 2354 414 2386 corr„
439 2344 500 2378 sea]
519 2345 625 2386 replet.
647 2343 719 2378 vid.
816 2353 923 2377 ursae
943 2353 1065 2387 magn.
1090 2341 1297 2389 (mimum)
1321 2342 1494 2388 Plasbery
