1657 2526
271 48 446 83 APVLEI
472 45 934 82 METAMORPHOSEON
960 45 1046 80 LIB.
1069 44 1179 86 VIIII,
1208 48 1261 79 16.
1292 48 1332 78 17
1390 45 1475 87 215

59 122 127 146 Ottd.
1497 118 1522 142 lv:

55 347 108 371 624

48 1537 101 1561 625

47 1717 100 1740 626

128 160 309 211 languidi
335 160 486 198 desidia
511 160 601 198 tuos
627 160 808 198 uolentes
836 159 1040 208 amplexus
1060 157 1282 195 discruciat.
1328 159 1476 206 quanto

127 219 266 258 melior
292 216 628 270 Philesit<h>erus
656 218 885 257 adulescens
912 219 951 256 et
975 218 1198 255 formonsus
1231 218 1270 253 et
1302 215 1476 253 liberalis

128 280 167 316 et
209 280 391 317 strenuus
442 280 480 316 et
524 280 662 316 contra
705 279 937 316 maritorum
982 275 1205 314 inefficaces
1249 274 1475 326 diligentias

129 338 487 377 constantissimus!
550 337 691 388 dignus
736 337 915 375 hercules
961 336 1066 375 solus
1110 334 1287 372 omnium
1330 336 1474 372 matro-

126 410 266 436 narum
305 397 454 436 deliciis
492 397 653 445 perfrui,
692 397 833 447 dignus
873 396 979 434 solus
1012 407 1196 433 coronam
1229 407 1387 432 auream
1414 407 1475 432 ca-
1495 402 1510 425 ⁵

125 458 208 507 pite
251 458 406 507 gestare
450 457 514 494 uel
554 456 602 494 ob
640 457 799 495 unicum
837 455 962 503 istud,
1001 454 1105 504 quod
1143 465 1247 491 nunc
1278 466 1404 502 nuper
1434 454 1475 490 in

127 516 323 566 quendam
367 516 594 565 zelotypum
638 517 825 554 maritum
867 514 1008 553 eximio
1053 513 1185 552 studio
1230 514 1475 551 commentus

125 578 194 615 est.
258 575 350 613 audi
383 575 551 624 denique
584 577 623 613 et
656 576 878 613 amatorum
910 574 1110 612 diuersum
1141 573 1347 623 ingenium
1373 585 1475 611 com-

124 648 233 685 para.

214 695 329 734 Nosti
356 694 551 745 quendam
575 694 797 733 Barbarum
824 695 982 732 nostrae
1009 693 1186 732 ciuitatis
1213 692 1475 741 decurionem,
1498 685 1542 720 17

125 768 241 804 quem
268 754 522 805 Scorpionem
548 767 642 804 prae
668 767 824 792 morum
852 753 1074 792 acritudine
1106 752 1252 803 uulgus
1285 752 1474 801 appellat.
1496 759 1527 783 11

122 814 186 853 hic
229 827 389 852 uxerem
432 827 663 865 generosam
703 815 743 852 et
784 813 928 851 eximia
968 812 1215 851 formositate
1254 810 1475 860 praeditam

123 874 224 911 mira
267 874 470 913 custodela
513 870 765 924 munita<m>
809 872 914 911 domi
958 885 1051 910 suae
1093 885 1211 920 quam
1250 870 1475 909 cautissime

124 933 353 972 cohibebat.’

210 992 274 1031 Ad
305 993 401 1031 haec
433 993 575 1030 ultima
606 993 769 1042 pistoris
796 992 865 1029 illa
895 1004 995 1029 uxor
1021 990 1233 1029 subiciens:
1262 987 1472 1039 ‘quidniP'‚
1495 998 1527 1023 15

121 1053 266 1101 inquit,
300 1049 410 1090 ‘noui
441 1051 664 1103 diligenter.
720 1051 870 1089 Areten
902 1064 1031 1089 meam
1057 1049 1367 1099 condiscipulam
1394 1063 1472 1088 me-

120 1109 278 1150 moras.'
344 1109 480 1163 ‘ergo’,
516 1111 648 1161 inquit
691 1124 807 1159 anus,
842 1108 962 1149 ‘nosti
1005 1111 1133 1148 totam
1163 1106 1474 1160 Phile<si>theri
1495 1117 1545 1142 165

122 1173 161 1209 et
190 1172 315 1221 ipsius
348 1168 570 1210 fabulamP'
636 1168 812 1208 ‘minime
844 1166 1051 1221 gentium',
1083 1169 1226 1218 inquit,
1253 1165 1334 1207 ‘sed
1360 1181 1473 1208 nosse

121 1231 238 1269 ualde
270 1231 385 1281 cupio
418 1233 457 1268 et
489 1244 569 1281 oro,
601 1232 739 1280 mater,
772 1230 908 1268 ordine
940 1229 1039 1267 mihi
1069 1229 1227 1279 singula
1258 1225 1418 1268 retexe’

210 1290 293 1330 Nec
324 1292 568 1329 commorata
599 1290 671 1328 illa
704 1290 1003 1329 sermocinatrix
1028 1288 1226 1326 inmodica
1253 1288 1308 1326 sic
1334 1284 1472 1340 [anus]
1493 1303 1527 1328 20

120 1351 278 1400 incipit:
306 1347 520 1388 ‘Barbarus
551 1351 627 1389 iste
669 1363 757 1388 cum
794 1349 1057 1388 necessariam
1088 1348 1373 1398 profectionem
1404 1361 1472 1398 pa-

120 1411 228 1448 raret
258 1410 572 1460 pudicitiamque
605 1423 718 1448 carae
752 1409 931 1459 coniugis
965 1420 1198 1448 conseruare
1231 1420 1384 1446 summa
1416 1407 1472 1445 di-

121 1469 288 1521 ligentia
339 1472 517 1520 cuperet,
574 1470 779 1508 seruulum
829 1481 943 1507 suum
992 1468 1226 1517 Myrmecem
1279 1467 1473 1506 fidelitate

121 1529 336 1580 praecipua
373 1531 578 1580 cognitum
615 1530 764 1568 secreto
803 1530 1024 1567 commonet
1048 1522 1059 1581 ξι
1085 1540 1257 1576 suaeque
1290 1527 1472 1566 dominae

120 1589 362 1627 custodelam
405 1601 561 1628 omnem
600 1589 816 1638 permittit,
860 1600 1054 1626 carcerem
1093 1588 1132 1626 et
1162 1589 1355 1637 perpetua
1386 1587 1471 1625 uin·
1492 1597 1525 1623 25

120 1649 220 1698 cula,
264 1650 432 1687 mortem
476 1648 644 1698 denique
687 1648 908 1687 uiolentam
952 1647 1146 1686 defamem
1186 1642 1471 1699 comflminatus,

120 1707 153 1746 si
193 1709 404 1758 quisquam
447 1708 650 1746 hominum
693 1709 758 1746 uel
794 1709 835 1745 in
874 1707 1046 1746 transitu
1078 1706 1205 1757 digito
1236 1708 1352 1745 tenus
1385 1718 1472 1744 eam

119 1763 430 1819 conti[n]gisset,
466 1768 585 1817 idque
623 1767 802 1806 deierans
841 1768 961 1805 etiam
994 1766 1201 1805 confirmat
1236 1780 1308 1816 per
1339 1766 1472 1804 omnia

119 1827 255 1865 diuina
299 1829 471 1866 numina.
542 1840 634 1878 ergo
683 1827 810 1878 igitur
858 1839 1010 1865 summo
1055 1838 1202 1876 pauore
1246 1827 1471 1875 perculsum

118 1887 354 1936 Myrmecem
386 1886 619 1925 acerrimum
652 1887 877 1936 relinquens
910 1886 1022 1925 uxori
1048 1887 1266 1924 secutorem
1293 1898 1471 1924 securam
1491 1897 1524 1922 30

213 2023 241 2057 F
269 2027 354 2058 167⁸
379 2038 406 2068 φ
428 2023 571 2059 58ὒ598.
671 2032 688 2058 2
719 2023 953 2068 philesiterus
975 2025 1031 2069 (φ)
1131 2030 1145 2057 7
1180 2022 1314 2058 eximio
1348 2023 1470 2058 astulo

119 2072 296 2107 Kronenb
328 2071 463 2106 eximia
489 2071 630 2107 astutia
655 2072 701 2106 vd
711 2073 760 2108 Vl
792 2072 926 2106 eximio
960 2073 1043 2106 astu
1068 2072 1201 2107 Novak
1303 2078 1341 2105 10
1365 2071 1470 2106 Nosti

119 2120 174 2163 (φ)
195 2118 230 2153 N
250 2120 296 2154 al.
319 2130 363 2153 m.
384 2130 472 2162 scr.,·
496 2121 572 2163 fuit
597 2132 621 2153 n
647 2124 714 2155 aut
738 2120 762 2154 h
859 2126 894 2153 11
907 2124 941 2164 ‘p'
961 2120 1016 2164 (φ)
1035 2121 1080 2163 cf.
1098 2122 1204 2162 10,19
1231 2121 1336 2162 17,10
1360 2121 1470 2162 45,20

118 2169 231 2210 218,6
256 2177 322 2211 pro
351 2166 439 2202 Prie
464 2168 658 2211 et1105‚13
749 2173 785 2201 13
812 2167 956 2202 munita
981 2178 1045 2202 em.
1067 2181 1094 2212 φ
1186 2173 1222 2200 15
1247 2166 1293 2210 cf.
1316 2169 1399 2209 64,8

118 2220 153 2248 17
179 2213 381 2259 philotheri
407 2214 452 2257 cf.
473 2226 503 2249 υ.
524 2217 550 2250 2
657 2221 696 2248 20
722 2226 814 2249 anus
842 2215 908 2250 del.
934 2214 1040 2250 22de
1136 2221 1174 2248 28
1200 2213 1393 2248 mirmicen
1413 2215 1468 2258 (φ)

189 2268 228 2295 ‘2ss
255 2262 300 2296 de
326 2260 424 2296 fame
447 2262 532 2297 Colv
628 2269 666 2296 28
686 2261 875 2308 *etingissxc
901 2263 955 2307 (φ,
982 2263 1042 2297 secl
1067 2273 1091 2296 n
1112 2263 1193 2307 del.)
1292 2261 1474 2306 degerans

118 2309 174 2356 (φ)
271 2316 311 2344 30
336 2319 545 2354 myrmecen
573 2321 635 2345 em.
663 2324 690 2359 φ
