1657 2526
203 87 286 127 144
360 87 536 120 APVLEI
562 86 1032 122 METAMORPHOSEON
1058 87 1145 121 LIB.
1168 88 1227 130 VI,
1255 92 1309 122 20.
1338 92 1381 123 21

84 179 86 181 .
129 161 196 184 oml.

200 199 349 236 caninis
399 199 612 236 latratibus
663 199 853 237 obseratis
903 199 1137 248 residuaque
1188 201 1347 237 nauitae
1394 200 1549 238 reddita

199 260 299 307 stipe
330 259 446 308 longe
472 259 651 307 uegetior
684 258 731 295 ab
763 259 900 296 inferis
932 260 1108 297 recurrit.
1139 253 1143 311 Ι
1172 261 1211 296 et
1235 261 1403 308 repetita
1430 262 1548 308 atque

199 317 365 355 adorata
397 317 564 354 candida
595 319 671 355 ista
704 318 802 364 luce,
835 330 1064 366 quanquam
1095 319 1286 356 festinans
1320 318 1551 367 obsequium

198 378 422 423 terminare,
454 378 625 413 mentem
653 377 807 426 capitur
831 379 1040 414 temeraria
1067 377 1296 414 curiositate
1323 380 1378 415 et:
1404 373 1551 426 “ecce⁷⁷,

164 449 178 474 5
200 437 346 484 inquit,
380 432 596 485 “inept<a>
629 449 700 485 ego
738 436 896 473 diuinae
933 437 1219 474 formonsitatis
1258 437 1410 487 gerulaa
1451 449 1550 485 quae

200 507 270 532 nec
314 495 516 532 tantillum
563 496 721 543 quidem
763 495 937 533 indidem
982 496 1080 533 mihi
1119 495 1248 533 delibo
1293 496 1356 534 uel
1395 497 1448 533 sic
1489 496 1552 533 illi

201 555 370 591 amatori
408 567 494 591 meo
534 554 732 592 formonso
771 550 1003 603 placitura⁷'‚
1048 557 1087 592 et
1131 568 1215 592 cum
1257 555 1361 593 dicto
1402 558 1551 592 reserat

128 614 176 650 21
200 613 393 662 pyxidem.
458 626 528 650 nec
561 615 772 662 quicquam
803 613 861 651 ibi
897 627 1025 651 rerum
1058 626 1128 652 nec
1167 615 1419 652 formonsitas
1457 615 1550 662 ulla,

200 673 267 710 sed
299 673 475 711 infernus
502 685 660 710 somnus
693 686 737 710 ac
763 686 855 710 uere
883 672 1056 723 Stygius,
1091 674 1159 721 qui
1184 675 1319 711 statim
1346 674 1551 722 coperculo

129 742 182 765 422¹
202 732 401 769 reuelatus
439 732 594 769 inuadit
637 745 721 769 eam
766 745 975 781 crassaque
1020 734 1171 781 soporis
1216 733 1359 770 nebula
1400 735 1550 770 cunctis

148 807 178 831 11
201 793 284 829 eius
316 792 500 829 membris
531 792 783 840 perfunditur
821 794 859 828 et
889 793 931 828 in
968 793 1053 840 ipso
1091 793 1260 841 uestigio
1299 792 1463 841 ipsaque
1496 805 1551 830 se-

200 851 299 888 mita
332 848 547 899 conlapsa(
550 850 615 901 m)
646 851 831 899 possidet.
880 854 919 888 et
950 851 1105 888 iacebat
1135 851 1349 889 immobilis
1382 854 1419 888 et
1452 851 1551 888 nihil

202 910 311 947 aliud
344 923 462 958 quam
495 910 692 948 dormiens
725 910 904 947 cadauer.
968 911 1034 948 sed
1069 909 1219 959 Cupido
1257 912 1337 948 iam
1369 911 1551 948 cicatrice

201 969 327 1008 solida
364 970 611 1007 reualescens
650 983 719 1007 nec
758 969 953 1007 diutinam
991 982 1083 1007 suae
1121 969 1292 1018 Psyches
1331 970 1550 1007 absentiam

149 1043 180 1069 15
200 1029 374 1067 tolerans
406 1041 475 1078 per
508 1029 743 1067 altissimam
775 1029 957 1076 cubiculi,
990 1042 1066 1077 quo
1095 1029 1363 1076 cohibebatur,
1396 1030 1551 1077 elapsus

201 1089 415 1125 fenestram
448 1088 684 1137 refectisque
717 1090 856 1138 pennis
890 1088 1095 1137 aliquanta
1128 1090 1259 1137 quiete
1297 1089 1412 1138 longe
1446 1089 1550 1125 uelo-

201 1149 283 1185 cius
324 1148 537 1196 prouolans
575 1148 752 1196 Psychen
790 1149 960 1185 accurrit
992 1160 1103 1185 suam
1141 1148 1372 1196 detersoque
1416 1160 1550 1185 somno

202 1206 352 1244 curiose
394 1209 432 1244 et
469 1220 624 1245 rursum
662 1209 703 1244 in
740 1209 949 1256 pristinam
988 1207 1145 1255 pyxidis
1183 1207 1313 1244 sedem
1350 1207 1550 1245 recondito

201 1266 379 1314 Psychen
404 1266 564 1304 innoxio
591 1266 780 1316 punctulo
808 1267 978 1316 sagittae
1005 1278 1097 1303 suae
1124 1268 1291 1305 suscitat
1317 1268 1372 1303 et:
1404 1261 1551 1313 “ecce⁷’‚

148 1341 181 1365 20
201 1326 349 1374 inquit,
380 1321 560 1363 “rursum
592 1328 782 1375 perieras,
820 1326 991 1375 misella,
1030 1326 1152 1363 simili
1183 1327 1421 1364 curiositate.
1483 1325 1551 1364 Sed

129 1397 183 1421 42³
201 1386 360 1422 interim
407 1385 565 1434 quidem
606 1388 649 1422 tu
693 1386 958 1433 prouinciam,
1002 1397 1102 1434 quae
1143 1385 1217 1422 tibi
1259 1385 1397 1422 matris
1442 1397 1550 1422 meae

201 1446 414 1493 praecepto
440 1445 628 1482 mandata
661 1447 730 1492 est,
755 1441 768 1495 ΙΙ
794 1457 1003 1493 exsequere
1036 1445 1202 1492 nauiter,
1237 1446 1364 1482 cetera
1398 1447 1552 1494 egomet

203 1499 375 1541 uidero.⁷⁷
413 1504 473 1541 his
507 1504 621 1541 dictis
648 1506 802 1542 amator
827 1504 924 1541 leuis
951 1505 991 1540 in
1017 1505 1158 1552 pinnas
1185 1516 1225 1541 se
1251 1503 1370 1551 dedit,
1402 1503 1551 1552 Psyche

202 1576 297 1600 uero
329 1564 535 1601 confestim
567 1564 712 1600 Veneri
742 1576 883 1600 munus
915 1565 1093 1611 reportat
1124 1563 1393 1611 Proserpinae.

297 1676 324 1710 F
341 1676 459 1710 152²²¹³.
482 1690 508 1720 φ
525 1676 666 1711 4ssb47‘1.
756 1681 772 1710 1
790 1676 1025 1710 obseruatil'u
1040 1676 1172 1710 lineola
1187 1676 1251 1710 del.
1263 1677 1317 1719 (cp)
1410 1680 1430 1709 4
1451 1687 1549 1710 men-

202 1724 293 1769 tem]
313 1725 465 1768 repente
488 1725 660 1759 BIosbach
762 1728 781 1757 5
808 1724 979 1768 inepte**
1001 1724 1012 1766 ζ
1015 1734 1104 1757 eras.
1125 1724 1186 1767 go)
1237 1736 1281 1763 φι
1302 1724 1407 1768 iepta
1429 1734 1497 1767 ego

203 1775 222 1804 6
243 1782 311 1805 nec
331 1772 498 1814 &21:324
612 1771 673 1805 uel
699 1771 751 1805 sic
781 1772 801 1805 ἰ.
823 1783 849 1805 e.
880 1772 957 1805 ‘hoc
982 1771 1107 1805 saltem
1136 1771 1253 1805 'modo’
1294 1772 1335 1803 ut
1362 1770 1430 1804 sim
1452 1772 1549 1805 Bur-

201 1820 285 1853 sian
312 1819 443 1853 melius
476 1820 670 1854 Michaelis
817 1823 859 1852 10
895 1818 1080 1852 releuatus
1108 1818 1233 1853 Rohde
1379 1822 1461 1851 ante
1496 1818 1550 1851 in-

202 1889 309 1924 uadit
329 1890 423 1934 alqd.
445 1902 533 1924 eras.
556 1894 665 1924 antea
685 1891 821 1924 induet.
922 1867 1064 1932 crassoq:
1117 1902 1160 1932 φι
1184 1888 1341 1932 crassoq3
1363 1901 1425 1923 em.
1442 1900 1461 1923 v

252 1942 294 1971 12
322 1937 448 1982 elapsa
497 1951 542 1981 cp:
564 1937 726 1982 collapsa
745 1950 806 1972 em.
823 1949 843 1972 v
942 1941 984 1970 14
1006 1936 1167 1970 solidata
1181 1936 1306 1970 Rome
1405 1941 1446 1971 15
1467 1941 1551 1971 ante

202 1985 321 2019 cubic⁴
347 1989 439 2029 spat.
467 1990 639 2029 quattuor
664 1987 750 2028 litt„
776 1987 816 2019 in.
842 1996 910 2029 quo
937 1985 1031 2029 alqd.
1060 1995 1148 2018 eras,
1273 1995 1344 2028 quo
1373 1986 1477 2027 refici.

203 2070 246 2098 cp:
275 2055 451 2090 altissima
477 2058 619 2100 partem
654 2055 795 2090 cubich
826 2067 897 2099 quo
931 2030 1135 2090 cohibebat
1159 2057 1195 2088 ln
1223 2056 1289 2090 Iac.
1311 2059 1436 2099 postea
1465 2055 1548 2088 add.

198 2115 256 2148 pr.
278 2116 320 2137 m.
433 2104 658 2137 artissimam
685 2116 705 2138 v
823 2107 863 2137 16
891 2103 1024 2147 pennis
1046 2106 1101 2146 (φ)
1213 2106 1254 2135 19
1281 2101 1455 2146 pl'ychem

203 2155 244 2184 21
281 2151 439 2195 ⁴puincia
474 2152 666 2185 identidem
701 2153 766 2196 leyz
802 2162 1019 2194 quamquam
1051 2162 1164 2191 eran„
1189 2161 1219 2194 (p
1252 2152 1311 2183 et*
1333 2151 1550 2191 certissima,-

201 2198 300 2241 falsa
321 2200 462 2242 profert
487 2199 591 2233 vdl'l
653 2212 696 2241 tp:
725 2201 764 2232 tu
791 2198 949 2244 diuino-ist
975 2199 1021 2232 al.
1050 2203 1115 2232 aut
1140 2198 1218 2231 ead.
1247 2209 1288 2231 m.
1310 2201 1436 2241 postea
1465 2197 1548 2231 add.

201 2247 242 2279 in
269 2247 334 2280 Iac.
363 2248 408 2288 ef.
429 2250 539 2288 210·st
656 2244 915 2289 munus'quod
943 2267 985 2270 —
1012 2246 1229 2279 mandatum
1254 2245 1300 2278 vd
1310 2245 1344 2278 V
1347 2245 1359 2278 Z
1478 2254 1549 2290 que

202 2295 256 2338 (φ)
280 2295 324 2328 ab
346 2295 392 2328 al.
416 2306 458 2328 m.
483 2294 630 2328 inducta
654 2305 672 2328 e
693 2298 818 2328 mutat.
842 2294 879 2327 ‘in
902 2292 958 2336 (ΓΡ
1074 2296 1116 2326 22
1144 2292 1322 2326 mandata
1349 2304 1403 2335 (φ)
1430 2292 1476 2325 αἱ.
1503 2303 1547 2326 m.

202 2346 288 2375 mm.
316 2342 356 2375 in
382 2344 423 2375 tsi

1573 859 1623 884 110
