1657 2526
184 62 268 105 206
355 58 530 94 APVLEI
554 55 1018 93 METAMORPHOSEON
1044 55 1131 91 LIB.
1151 55 1262 98 VIIII,
1289 59 1321 90 5.
1343 59 1361 89 6

113 134 182 158 Oud.
1541 131 1566 155 Ε

184 173 369 211 uxorcula
399 173 518 210 etiam
545 171 641 208 satis
670 169 828 219 quidem
847 164 859 222 Η
876 170 1008 207 tenuis
1036 171 1073 206 et
1098 170 1197 217 ipsa,
1229 181 1368 205 uerum
1394 170 1524 206 tamen

110 240 163 264 ⁶00
183 234 381 282 postrema
425 230 589 268 lasciuia
632 229 927 279 famigerabilis.
985 228 1053 266 sed
1096 228 1158 265 die
1203 227 1390 276 quadam,
1437 227 1530 264 dum

182 291 378 329 matutino
416 291 483 327 ille
519 290 568 327 ad
601 302 699 338 opus
732 291 956 337 susceptum
988 287 1266 336 proficiscitur,
1305 288 1441 324 statim
1473 287 1529 323 la-

183 353 313 389 tenter
344 351 493 398 inrepit
525 350 606 386 eius
639 348 854 397 hospitium
887 347 1119 385 temerarius
1153 346 1315 384 adulter.
1368 359 1411 383 ac
1438 346 1529 383 dum

148 418 162 443 5
183 410 346 449 Veneris
381 408 734 447 conluctationibus
767 408 939 445 securius
970 408 1196 455 operantur,
1229 407 1394 443 maritus
1420 407 1530 456 igna-

182 483 248 507 rus
288 482 420 506 rerum
461 481 504 506 ac
543 468 642 504 nihil
681 467 800 504 etiam
837 469 923 504 tum
961 466 1041 503 tale
1074 467 1276 514 suspicans
1307 464 1532 514 inprouisus

183 527 453 580 <72r>ospitium
492 528 648 576 repetit.
705 528 862 574 iamque
901 526 1046 563 clausis
1086 526 1124 562 et
1162 525 1352 563 obseratis
1384 524 1532 561 foribus

184 590 317 627 uxoris
361 587 525 625 laudata
569 587 813 625 continentia
857 585 1017 623 ianuam
1061 584 1211 633 pulsat,
1257 584 1370 622 sibilo
1413 583 1534 621 etiam

185 648 452 697 praesentiam
484 659 595 684 suam
628 646 898 683 denuntiante.
948 645 1041 682 tunc
1073 644 1214 681 mulier
1246 643 1389 680 callida
1420 644 1458 680 et
1484 642 1533 680 ad
1555 652 1605 677 158

133 715 165 739 10
185 708 302 745 huius
350 706 455 744 modi
499 705 652 756 flagitia
696 704 944 754 perastutula
986 703 1245 742 tenacissimis
1291 702 1534 751 amplexibus

187 766 414 816 expeditum
456 766 655 802 hominem
700 764 822 812 dolio,
867 763 973 812 quod
1017 764 1101 801 erat
1144 764 1186 799 in
1231 762 1377 812 angulo
1423 761 1533 799 semi-

185 827 390 873 obrutum,
435 824 501 862 sed
541 824 639 862 alias
676 836 864 872 uacuum,
904 822 1197 860 dissimulanter
1235 821 1458 870 abscondit,
1498 823 1536 858 et

185 886 396 935 patefactis
431 884 592 921 aedibus
625 883 753 920 adhuc
785 883 1048 920 introeuntem
1078 883 1268 919 maritum
1295 893 1432 929 aspero
1460 893 1536 918 ser-

186 958 298 983 mone
332 944 493 994 accipit:
527 940 663 981 ‘sicine
695 954 844 980 uacuus
878 943 916 979 et
945 941 1093 979 otiosus
1119 942 1331 978 insinuatis
1359 940 1536 978 manibus

134 1011 165 1037 15
189 1004 406 1042 ambulabis
445 1003 542 1040 mihi
582 1015 651 1040 nec
689 1002 796 1040 obito
835 1002 1022 1039 consueto
1061 1000 1194 1038 labore
1232 1001 1339 1037 uitae
1378 1002 1536 1037 nostrae

186 1064 403 1113 prospicies
436 1065 474 1100 et
507 1062 659 1111 aliquid
692 1061 842 1099 cibatui
873 1059 1060 1109 parabis?
1110 1062 1153 1097 at
1184 1072 1255 1110 ego
1282 1059 1425 1097 misera
1451 1072 1536 1108 per-

115 1131 168 1156 601
189 1137 263 1161 nox
310 1125 349 1161 et
392 1136 461 1171 per
505 1122 607 1159 diem
652 1121 824 1158 lanificio
866 1132 1008 1157 neruos
1048 1132 1154 1157 meos
1194 1121 1449 1168 contorqueo,
1493 1120 1538 1155 ut

187 1185 294 1221 intra
327 1182 512 1220 cellulam
544 1184 721 1219 nostram
753 1180 894 1218 saltem
925 1180 1087 1217 lucerna
1113 1179 1255 1216 luceat.
1302 1181 1450 1227 quanto
1477 1191 1537 1216 me

187 1240 394 1293 f<e>licior
425 1241 590 1288 Daphne
623 1240 769 1287 uicina,
802 1252 901 1288 quae
932 1251 1039 1276 mero
1072 1241 1111 1276 et
1141 1237 1307 1287 prandio
1340 1237 1536 1275 matutino

136 1309 168 1334 20
189 1302 322 1340 saucia
354 1313 441 1339 cum
476 1302 555 1338 suis
589 1299 779 1338 adulteris
812 1295 1052 1337 uolutaturl'

141 1366 165 1400 6
279 1360 342 1398 Sic
375 1360 604 1398 confutatus
636 1360 819 1397 maritus:
860 1355 913 1395 ‘et
945 1358 1040 1406 quid
1071 1358 1161 1395 istic
1194 1353 1293 1394 estP’
1328 1357 1403 1402 ait;
1432 1352 1539 1394 enam

117 1428 170 1452 602
190 1421 283 1458 licet
315 1421 461 1458 forensi
486 1419 643 1469 negotio
671 1418 894 1456 officinator
920 1420 1052 1455 noster
1078 1418 1255 1454 attentus
1282 1417 1401 1454 ferias
1427 1415 1539 1453 nobis

191 1480 345 1527 fecerit,
383 1482 516 1517 tamen
554 1478 765 1516 hodiernae
804 1478 965 1515 cenulae
1004 1479 1161 1514 nostrae
1193 1477 1386 1525 prospexi.
1450 1475 1539 1512 uide

191 1540 262 1587 sis,
300 1542 346 1576 ut
385 1539 550 1587 dolium,
589 1538 693 1587 quod
726 1550 878 1586 semper
909 1549 1096 1582 uacuum,
1136 1536 1284 1573 frustra
1316 1535 1444 1572 locum
1477 1534 1539 1572 de-

138 1607 170 1632 25
190 1600 293 1637 tinet
329 1600 488 1636 tantum
520 1600 558 1635 et
589 1610 630 1635 re
662 1610 758 1635 uera
790 1598 948 1646 praeter
978 1596 1304 1645 impedimentum
1336 1606 1539 1632 conuersa-

190 1659 309 1696 tionis
348 1660 504 1696 nostrae
543 1657 642 1694 nihil
674 1658 851 1705 praestat
883 1654 1080 1704 amplius?
1131 1655 1239 1692 istud
1270 1667 1341 1704 ego
1374 1655 1540 1702 quinque

191 1718 361 1756 denariis
395 1717 552 1755 cuidam
579 1716 797 1764 uenditaui,
830 1717 869 1753 et
901 1714 1022 1763 adest,
1055 1716 1101 1752 ut
1132 1714 1224 1752 dato
1255 1714 1382 1762 pretio
1410 1726 1539 1751 secum

286 1831 312 1864 F
342 1834 434 1865 165³.
475 1844 502 1875 φ
530 1833 601 1864 57⁸.
776 1836 793 1863 5
821 1828 995 1863 Venereis
1028 1828 1181 1863 stewech
1356 1833 1371 1860 7
1405 1826 1540 1871 ospitifi

191 1914 254 1937 em.
283 1916 309 1947 φ
407 1908 443 1935 13
469 1886 653 1936 intrognte
679 1886 697 1903 v
723 1901 800 1934 cad.
829 1912 873 1934 m.
900 1899 985 1934 add.
1082 1906 1119 1932 16
1146 1898 1249 1943 aliqd
1277 1898 1314 1943 (d
1341 1909 1384 1933 esc
1409 1899 1424 1932 t
1450 1908 1538 1932 corr.

192 1951 269 1985 ead.
299 1951 354 1994 m.)
499 1948 630 1994 perdia
664 1948 857 1983 VVSehulze
882 1948 958 1982 coll.
988 1950 1118 1989 107‚12
1273 1953 1308 1979 19
1335 1944 1452 1979 flicior
1477 1956 1539 1980 em.

192 1999 239 2032 al.
267 2010 311 2032 m.
416 1996 559 2030 dafhne
586 1998 640 2041 (φ)
737 1994 894 2040 prandio
920 1997 958 2029 et
983 2006 1082 2028 mero
1108 1994 1213 2029 vdVl
1333 2000 1368 2027 21
1394 1993 1423 2026 ἃ
1450 1992 1539 2036 quid

194 2071 252 2113 (φ,
283 2068 344 2103 sed
376 2069 415 2102 in
447 2079 515 2113 mq.
548 2079 593 2102 m.
626 2067 802 2102 recentiss.
837 2051 856 2100 g
888 2066 1034 2110 ecquid)
1068 2064 1110 2109 ef.
1137 2067 1248 2107 ⁴207,9
1392 2063 1487 2098 istuc
1521 2075 1540 2098 v

193 2118 236 2160 cf,
265 2119 372 2158 33,10
475 2115 565 2160 23s24
591 2114 728 2149 uideris
749 2115 791 2147 ut
817 2115 870 2157 (φ)
898 2125 985 2148 corr.
1015 2114 1060 2147 αἱ.
1088 2125 1132 2147 m.
1160 2114 1200 2147 in
1226 2111 1440 2149 uideslistut
1466 2112 1538 2146 lect.

188 2175 246 2208 pr.
273 2175 317 2198 m,
346 2163 414 2206 def.
443 2163 517 2197 Leo
540 2167 622 2206 post
648 2173 806 2196 uacuum
834 2161 1003 2196 distincto
1052 2160 1139 2194 uide
1166 2160 1215 2194 sis
1241 2159 1306 2194 id?
1335 2159 1415 2194 Oud

194 2233 464 2267 superuacuum
486 2222 624 2256 IVozver
738 2227 775 2254 25
801 2211 843 2265 pt
870 2223 923 2265 (φ)
952 2232 994 2255 ex
1022 2210 1061 2265 p}
1087 2221 1133 2253 αῖ.
1162 2224 1202 2254 ut
1227 2219 1304 2254 uid.
1331 2231 1375 2253 m.
1403 2229 1491 2253 corr.

194 2277 231 2304 ⁶26
258 2281 325 2315 ego
355 2296 538 2305 ......
562 2271 566 2313 Ι
589 2271 628 2303 in
655 2270 720 2303 Iac.
748 2280 792 2303 m.
819 2279 885 2303 rec.
913 2268 997 2303 add.
1026 2267 1142 2312 septe,
1167 2268 1245 2310 fuit
1269 2271 1357 2302 certe
1384 2266 1400 2299 s
1416 2266 1542 2310 prima

194 2319 262 2353 litt.
289 2319 384 2353 vocis
411 2329 433 2351 a
456 2328 514 2360 pr.
541 2328 586 2350 m.
612 2318 767 2360 scriptae
841 2330 884 2360 qo:
913 2315 997 2361 qnq'
