1611 2516
181 85 236 126 82
340 84 515 119 APVLEI
541 83 1008 119 METAMORPHOSEON
1034 84 1218 128 LIB.1111,
1247 88 1299 119 10.
1330 89 1370 119 11

111 159 178 184 Οιιά,
1527 157 1553 182 Ε

185 199 366 235 cunctam
411 198 599 234 uiciniam
643 198 777 235 nostro
819 198 1029 235 suscitaret
1072 196 1201 235 exitio.
1262 199 1357 234 tunc
1392 197 1527 246 itaque

184 256 362 294 sublimis
412 256 480 293 ille
531 256 761 294 uexillarius
806 259 937 294 noster
980 256 1198 294 Lamachus
1248 252 1527 308 specta[ta]tae

111 326 163 350 259
182 317 345 354 uirtutis
396 328 488 353 suae
539 315 700 363 fiducia,
753 328 831 365 qua
881 315 983 353 claui
1032 315 1302 354 immittendae
1351 316 1528 353 foramen

182 375 356 425 patebat,
389 376 532 413 sensim
564 374 726 413 inmissa
757 388 876 412 manu
904 370 909 427 Ι
938 375 1156 413 claustrum
1189 375 1356 412 euellere
1387 376 1528 425 gestie-

147 435 260 472 5bat.
323 434 389 472 sed
433 434 580 472 dudum
624 434 774 472 scilicet
822 435 997 472 omnium
1037 434 1224 483 bipedum
1266 434 1527 483 nequissimus

183 493 396 543 Chryseros
436 494 608 543 uigilans
641 496 680 531 et
711 494 868 544 singula
899 506 1029 531 rerum
1061 494 1245 542 sentiens,
1282 494 1407 531 lenem
1440 505 1528 544 gra-

182 553 275 590 dum
325 555 364 590 et
414 553 599 591 obnixum
654 553 855 591 silentium
907 554 1079 591 tolerans
1129 552 1324 602 paulatim
1375 552 1530 602 adrepit

183 613 401 664 grandique
440 613 553 650 clauo
592 625 753 650 manum
786 612 896 650 ducis
929 612 1053 650 nostri
1085 614 1245 662 repente
1278 613 1366 650 nisu
1398 612 1529 650 fortis-

184 673 282 710 simo
322 671 371 710 ad
405 669 562 723 [h]ostii
599 671 779 710 tabulam
817 671 946 722 offigit
984 674 1023 709 et
1061 672 1254 710 exitiabili
1291 684 1392 709 nexu
1417 673 1531 721 ,pati-

132 728 419 782 10bu1<at>um
475 732 700 781 relinquens
757 731 996 782 gurgustioli
1044 733 1106 769 sui
1158 732 1304 769 tectum
1355 731 1531 768 ascendit

185 794 304 841 atque
336 791 426 829 inde
453 791 750 830 contentissima
775 803 871 829 uoce
898 791 1106 829 clamitans
1131 803 1353 841 rogansque
1379 790 1530 828 uicinos

185 853 225 889 et
255 864 376 888 unum
416 863 610 900 quemque
648 851 809 900 proprio
849 851 1006 888 nomine
1044 851 1148 888 ciens
1188 852 1226 887 et
1257 849 1398 888 salutis
1430 862 1530 888 com-

185 912 317 949 munis
351 910 564 948 admonens
596 910 776 948 diffamat
800 909 980 948 incendio
1006 911 1211 959 repentino
1238 909 1395 947 domum
1422 922 1531 947 suam

133 982 167 1006 14
187 970 391 1019 possideri.
467 970 521 1008 sic
570 982 674 1007 unus
724 969 889 1019 quisque
938 969 1108 1019 proximi
1157 969 1321 1019 periculi
1365 968 1532 1007 confinio

116 1038 161 1073 11
185 1031 346 1067 territus
385 1030 654 1079 suppetiatum
693 1029 905 1067 decurrunt
944 1029 1060 1066 anxii.
1122 1030 1216 1066 tunc
1254 1041 1323 1066 nos
1354 1029 1395 1065 in
1429 1028 1532 1065 anci-

114 1101 166 1124 ρετ)
185 1090 260 1139 piti
292 1089 465 1138 periculo
492 1089 700 1127 constituti
726 1089 790 1126 uel
817 1088 1062 1138 opprimendi
1089 1088 1213 1126 nostri
1240 1088 1303 1126 uel
1330 1087 1534 1125 deserendi

186 1149 282 1187 socii
314 1148 530 1186 remedium
562 1161 581 1186 e
613 1162 653 1186 re
686 1150 780 1186 nata
812 1148 992 1185 ualidum
1018 1160 1062 1186 eo
1089 1148 1246 1186 uolente
1273 1147 1531 1186 comminisci-

185 1221 282 1246 mus.
356 1208 606 1259 antesignani
654 1209 780 1245 nostri
829 1209 1002 1257 partem,
1052 1221 1130 1257 qua
1173 1218 1311 1244 manus
1356 1219 1533 1244 umerum

186 1267 308 1317 subit,
351 1269 434 1306 ictu
477 1281 546 1317 per
590 1267 800 1305 articulum
844 1266 1015 1304 medium
1054 1264 1333 1317 tem<p>erato
1375 1278 1533 1315 prorsus

116 1339 167 1364 ρει
187 1327 424 1366 abscidimus
457 1329 575 1376 atque
607 1327 663 1364 ibi
688 1326 848 1365 brachio
873 1327 1023 1376 relicto,
1055 1326 1190 1364 multis
1216 1325 1369 1364 laciniis
1397 1325 1533 1363 offulto

133 1399 165 1423 21
185 1387 361 1436 uulnere,
393 1400 440 1423 ne
473 1387 604 1424 stillae
637 1387 840 1436 sanguinis
867 1385 1079 1436 uestigium
1106 1385 1327 1435 proderent,
1360 1387 1530 1423 ceterum

187 1446 428 1485 Lamachum
458 1442 624 1495 'raptim
675 1448 930 1495 reportamus.
1013 1458 1058 1484 ac
1108 1445 1201 1483 dum
1251 1444 1397 1494 trepidi
1444 1444 1532 1482 reli-

188 1506 317 1556 gionis
349 1518 564 1556 urguemur
594 1505 708 1556 graui
739 1505 912 1543 tumultu
945 1506 985 1542 et
1015 1505 1201 1543 instantis
1233 1504 1401 1553 periculi
1426 1505 1534 1541 metu

188 1568 382 1603 terremur
420 1565 469 1602 ad
507 1566 644 1631 fugam
682 1577 752 1602 nec
789 1565 853 1602 uel
892 1566 1003 1631 sequi
1041 1577 1204 1614 propere
1241 1564 1304 1602 uel
1334 1575 1534 1601 remanere

136 1636 169 1662 25
189 1627 276 1663 tuto
326 1627 458 1674 potest
507 1625 571 1662 uir
615 1624 794 1663 sublimis
840 1624 962 1662 animi
1004 1624 1245 1672 uiitutisque
1288 1622 1534 1672 praecipuus,

188 1685 325 1722 multis
358 1696 427 1722 nos
460 1684 524 1721 adl
513 1684 660 1722 atibus
692 1684 907 1733 multisque
939 1683 1121 1732 precibus
1155 1695 1318 1732 querens
1351 1682 1536 1720 adhorta-

187 1746 255 1781 tur
295 1756 365 1793 per
406 1743 605 1781 dexteram
637 1744 792 1792 Martis,
833 1756 902 1792 per
941 1742 1057 1779 fidem
1098 1741 1349 1790 sacramenti,
1389 1741 1534 1779 bonum

117 1816 170 1840 262
190 1803 498 1841 commilitonem
540 1804 719 1841 cruciatu
760 1802 877 1840 simul
919 1804 958 1839 et
995 1803 1231 1851 captiuitate
1268 1801 1533 1839 liberaremus.

189 1875 259 1901 cur
296 1863 400 1899 enim
438 1863 582 1911 manui,
622 1875 723 1911 quae
761 1874 899 1911 rapere
938 1864 975 1899 et
1006 1858 1239 1911 iu<0u>la1e
1279 1861 1362 1899 sola
1393 1862 1535 1910 posset⁷

136 1929 170 1954 30
189 1922 331 1994 fortem
368 1922 564 1994 latronem
601 1920 884 1971 superuiuere‘?
945 1923 1006 1960 sat
1037 1933 1076 1959 se
1108 1921 1279 1964 beatum,
1318 1921 1385 1969 qui
1416 1932 1535 1957 manu

1553 1404 1587 1429 63

260 2011 287 2046 F
310 2011 498 2046 139b140⁸.
533 2025 559 2056 φ
594 2010 736 2046 36b3722
883 2018 900 2044 2
926 2010 1115 2045 lamathus
1141 2012 1198 2056 (φ)
1229 2022 1291 2046 em.
1319 2022 1339 2045 v
1386 1991 1392 1992 ἶ
1411 1990 1534 2054 spec-

190 2060 328 2093 tatam:
359 2061 461 2104 (eras.
488 2060 539 2103 te)
589 2072 633 2104 φ·
662 2059 901 2104 spectaltatae
1044 2065 1063 2092 9
1089 2058 1198 2093 hostii
1224 2070 1285 2093 em.
1314 2072 1339 2102 φ
1438 2057 1536 2102 pati-

190 2106 281 2140 buhi
307 2107 364 2151 (φ)
390 2106 644 2151 patibulatum
681 2106 768 2140 vulo
794 2107 869 2141 coll.
898 2107 1023 2141 Plaut.
1052 2106 1162 2141 Most
1190 2109 1238 2140 56
1375 2112 1409 2138 17
1438 2116 1535 2140 com·
1596 2122 1598 2128 ·

190 2153 421 2188 miniscimur
441 2155 601 2189 Beroald
698 2161 733 2187 19
759 2155 939 2188 temerato
959 2154 1016 2198 (φ)
1036 2164 1098 2188 em.
1121 2165 1140 2188 υ
1159 2155 1203 2197 cf.
1226 2156 1332 2195 56,14
1425 2159 1462 2186 22
1481 2152 1534 2186 la-

189 2201 319 2236 mathfi
346 2203 402 2246 (φ)
499 2201 668 2245 trepidae
701 2202 789 2236 Prie
884 2200 1047 2246 legionis
1074 2212 1094 2235 v
1125 2203 1169 2245 cf.
1204 2203 1313 2243 9218
1344 2200 1405 2236 sed
1429 2199 1534 2244 relig.

191 2250 319 2284 latron.
347 2250 387 2283 in
414 2249 639 2283 Lamachum
663 2249 825 2292 officium
850 2253 939 2283 recte
964 2249 1145 2292 interpret
1174 2249 1246 2283 Leo
1360 2254 1398 2281 29
1423 2257 1532 2281 manu

190 2297 257 2332 litt.
292 2297 400 2340 refict.
437 2297 477 2330 in
510 2297 630 2340 spatio
664 2297 774 2331 nimis
807 2307 958 2341 mamm,-
992 2297 1069 2339 fwt
1101 2307 1177 2331 sene
1211 2297 1321 2330 dubio
1356 2295 1481 2328 manui

191 2358 236 2389 φε
263 2343 391 2378 manui
487 2342 604 2378 iulare
630 2345 665 2388 (v
691 2355 734 2378 ex
759 2342 772 2377 l
797 2354 887 2379 corr.
908 2355 952 2378 m.
974 2344 1160 2388 recentior)
1209 2357 1251 2388 cp:
1279 2341 1448 2387 iugulare
