1657 2526
197 89 282 130 230
337 86 509 121 APVLEI
538 86 1001 120 METAMoRPflosEON
1029 86 1115 120 11113.
1138 86 1249 130 vnn,
1275 91 1412 121 35—37

127 161 195 185 (md.

126 264 175 299 36

161 444 175 469 5

125 624 179 647 660

145 742 177 766 10

146 1039 176 1064 15

127 1279 179 1302 661

128 1518 181 1541 662

197 199 373 238 cladibus
417 199 534 237 amici
578 199 817 248 quantulum
862 200 1097 248 quantulum
1135 200 1304 237 ferentes
1342 200 1544 238 auxilium.

197 272 268 296 nec
310 261 442 297 tamen
486 259 555 296 ille
598 270 791 296 uaesanus
829 258 1033 295 tantillum
1070 258 1295 308 praesentia
1332 260 1545 297 multorum

197 318 344 356 ciuium
393 319 556 355 territus
601 317 666 355 uel
710 318 830 355 etiam
875 318 1077 366 confusus,
1127 317 1220 355 licet
1262 330 1341 355 non
1383 319 1545 368 rapinis,

197 378 335 416 saltem
375 377 506 415 uerbis
545 379 766 426 temperare
803 376 952 425 uoluit,
989 377 1057 415 sed
1083 372 1093 429 1
1119 377 1198 414 illis
1237 377 1447 415 clementer
1484 391 1545 416 ex-

197 437 491 485 postulantibus
536 436 789 485 feruidosque
834 437 916 474 eius
960 449 1087 474 mores
1130 436 1335 474 blanditiis
1376 438 1545 486 permul-

197 496 376 534 centibus
408 498 568 545 repente
601 508 712 533 suam
744 508 983 544 suorumque
1016 508 1195 534 carorum
1228 496 1395 533 salutem
1429 509 1547 545 quam

197 555 441 594 sanctissime
480 555 665 592 adiurans
705 555 913 592 adseuerat
950 554 1065 603 parui
1103 567 1142 593 se
1178 555 1347 604 pendere
1378 557 1438 593 tot
1469 569 1546 593 me-

198 615 397 653 diatorum
423 615 702 663 praesentiam,
729 614 896 662 denique
922 615 1096 652 uicinum
1123 614 1236 651 illum
1263 615 1452 652 auriculis
1477 628 1548 664 per

199 687 287 712 suos
331 674 508 712 seruulos
552 673 752 712 sublatum
796 673 842 710 de
887 674 1023 711 casula
1066 674 1294 722 longissime
1334 674 1546 723 statimque

197 733 415 783 proiectum
447 734 507 771 iri.
559 745 636 782 quo
668 733 772 771 dicto
803 733 971 783 insignis
1002 732 1225 783 indignatio
1257 734 1361 771 totos
1388 733 1546 771 audien-

197 795 299 830 tium
338 794 624 842 pertemptauit
662 792 823 831 animos.
880 795 974 829 tunc
1010 805 1110 830 unus
1149 806 1168 830 e
1201 792 1327 830 tribus
1359 793 1547 831 fratribus

197 853 472 890 incunctanter
510 854 549 890 et
586 852 706 901 paulo
739 852 902 889 liberius
934 851 1137 900 respondit
1167 852 1315 890 frustra
1347 865 1436 890 011111
1469 854 1548 890 suis

198 912 339 961 opibus
372 912 561 950 confisum
592 912 803 961 tyrannica
834 910 1019 960 superbia
1052 912 1301 959 comminari,
1333 924 1420 949 cum
1452 912 1547 949 alio-

200 971 294 1020 quin
325 983 517 1020 pauperes
551 972 669 1008 etiam
699 971 856 1008 liberali
881 971 1013 1020 legum
1037 971 1236 1019 praesidio
1263 971 1309 1007 de
1336 971 1548 1009 insolentia

199 1031 442 1081 locupletum
479 1030 755 1068 consueuerint
789 1029 994 1067 uindicari.
1057 1030 1162 1079 quod
1194 1030 1324 1067 oleum
1355 1030 1548 1078 flammae,

200 1090 304 1139 quod
337 1090 474 1139 sulpur
505 1089 703 1138 incendio,
737 1089 840 1138 quod
873 1089 1075 1139 flagellum
1106 1089 1265 1138 Furiae,
1298 1090 1371 1128 hoc
1404 1092 1442 1127 et
1473 1091 1548 1128 iste

200 1163 325 1187 sermo
364 1149 626 1187 truculentiae
664 1148 834 1187 hominis
873 1149 1115 1186 nutrimento
1154 1148 1241 1186 fuit.
1303 1150 1459 1198 iamque
1499 1150 1547 1186 ad

200 1211 413 1247 extremam
445 1209 643 1246 insaniam
675 1220 830 1257 uecors,
869 1208 1121 1256 suspendium
1154 1220 1236 1246 sese
1269 1210 1308 1246 et
1339 1209 1435 1246 totis
1467 1208 1546 1247 illis

200 1271 240 1306 et
281 1270 378 1317 ipsis
421 1268 576 1318 legibus
620 1268 808 1306 mandare
850 1268 1116 1317 proclamans,
1161 1280 1276 1306 canes
1316 1268 1548 1317 pastoricios

147 1338 161 1362 2
200 1328 399 1366 uillaticos
432 1329 534 1365 feros
568 1329 687 1376 atque
711 1329 915 1375 immanes,
948 1327 1134 1365 adsuetos
1161 1327 1314 1364 abiecta
1339 1340 1410 1376 per
1435 1340 1549 1378 agros

200 1388 358 1426 essitare
392 1387 604 1435 cadauera,
635 1389 841 1436 praeterea
874 1387 994 1424 etiam
1026 1388 1319 1424 transeuntium
1351 1388 1550 1425 uiatorum

198 1448 369 1497 passim's
406 1446 601 1484 morsibus
640 1447 882 1494 alumnatos,
920 1446 1049 1483 laxari
1081 1447 1200 1494 atque
1232 1446 1272 1482 in
1306 1459 1440 1484 eorum
1473 1447 1550 1484 exi-

199 1508 300 1544 tium
331 1506 555 1544 inhortatos
587 1505 752 1543 immitti
783 1506 994 1555 praecepit.
1038 1505 1105 1555 qui
1138 1504 1254 1542 simul
1286 1506 1398 1555 signo
1431 1506 1549 1544 solito

200 1567 402 1616 pastorum
452 1566 604 1604 incensi
647 1566 765 1614 atque
810 1564 1044 1602 inflammati
1089 1566 1198 1612 sunt,
1249 1564 1398 1603 furiosa
1442 1565 1549 1603 rabie

148 1635 176 1660 εἴ
201 1626 345 1664 conciti
385 1626 424 1663 et
457 1624 671 1663 latratibus
705 1624 824 1662 etiam
857 1624 1013 1662 absonis
1046 1624 1253 1662 horribiles
1286 1626 1380 1662 eunt
1410 1625 1451 1662 in
1483 1625 1549 1662 ho-

200 1687 323 1723 mines
375 1698 518 1734 eosque
567 1684 690 1722 uariis
741 1684 915 1734 adgressi
962 1682 1190 1721 uulneribus
1235 1683 1462 1721 distrahunt
1505 1696 1550 1722 ac

200 1745 377 1782 lacerant
401 1757 471 1783 nec
503 1743 745 1794 fugientibus
779 1744 919 1781 saltem
951 1744 1216 1792 compereunt,
1248 1743 1316 1781 sed
1348 1756 1392 1781 eo
1424 1743 1549 1794 magis

200 1805 444 1842 inritatiores
475 1805 673 1842 secuntur.
729 1805 823 1841 tunc
853 1804 959 1840 inter
991 1803 1208 1840 confertam
1240 1803 1419 1851 trepidae
1450 1803 1549 1840 111111-

296 1941 323 1974 F
346 1941 440 1975 170¹&
472 1955 499 1984 φ
521 1940 595 1974 611).
693 1947 708 1974 1
735 1939 919 1984 quantuli}
945 1938 1127 1984 quantuhi
1155 1939 1211 1983 (φ)
1238 1940 1337 1974 alter.
1367 1939 1502 1974 induet.

202 1996 218 2021 4
245 1988 366 2023 uoluit
391 1989 448 2032 (φ)
474 1999 518 2023 ex
537 1989 663 2032 priore
689 2000 711 2022 u
739 1988 786 2022 al.
814 1999 858 2022 m.
885 1998 974 2022 corr.
1002 1999 1025 2020 11
1218 1993 1254 2020 15
1280 1985 1469 2031 locupleti}
1496 1987 1549 2029 (φ)

202 2037 272 2071 vid.
300 2035 308 2055 i
333 2036 562 2080 superscript.
589 2036 713 2079 faisse,
738 2035 800 2070 sed
824 2046 924 2070 evan.
1032 2032 1192 2067 uidicari
1219 2035 1266 2068 al.
1294 2045 1337 2068 m.
1364 2045 1452 2075 ser.;
1477 2035 1548 2068 vicl.

200 2084 313 2126 fuisse
338 2083 523 2117 uindicari
532 2096 545 2126 ;
569 2084 611 2118 in
636 2094 704 2128 my.
732 2094 822 2118 eras.
851 2082 895 2116 -l-
926 2108 1110 2115 ......
1137 2080 1192 2114 ari
1242 2095 1285 2125 φι
1313 2081 1497 2116 uindicari

201 2138 235 2164 17
263 2130 490 2165 nutrimento
518 2132 573 2176 (φ)
600 2131 667 2165 del.
693 2131 822 2165 Rolzde
934 2136 969 2162 1⁰
996 2128 1215 2174 pastoricios
1241 2133 1283 2163 ut
1309 2129 1549 2173 interpretata.

201 2190 244 2213 eoe
268 2181 381 2222 229‚2
405 2178 520 2213 addit.
547 2178 674 2213 delent.
696 2182 807 2223 putat
833 2178 890 2212 He
1036 2183 1072 2210 21
1098 2175 1248 2210 efficare
1299 2190 1344 2220 qa:
1370 2175 1550 2210 exsiccare

250 2226 385 2260 esitare
411 2237 431 2260 v
456 2226 501 2268 cf.
529 2228 614 2268 17,8
765 2232 803 2259 22
828 2223 965 2269 passib;
991 2225 1046 2268 (φ)
1072 2222 1232 2268 passiuis
1260 2223 1344 2258 Colv
1369 2225 1414 2267 cf:
1440 2225 1551 2266 272,5

203 2296 353 2331 lasciuis
381 2297 419 2331 E
443 2295 581 2340 passim
609 2296 772 2330 Beroald
796 2297 841 2339 cf.
863 2298 947 2338 43,S
1046 2301 1084 2328 ⁴23
1109 2278 1229 2340 pcipit
1255 2294 1332 2329 ead.
1359 2306 1403 2328 m.
1430 2294 1514 2328 add.
1536 2288 1551 2305 ⁰

251 2359 294 2389 φε
322 2343 449 2389 {acepit
570 2350 605 2377 2³?
635 2344 831 2388 copercunt
858 2345 911 2388 (φ)
939 2355 1001 2378 em.
1033 2342 1153 2377 Roalcz
1208 2372 1214 2375 .

1557 160 1582 184 E

1571 1276 1620 1301 177

1652 1558 1653 1570 n
1651 1343 1655 1540 ,m—-
1650 812 1657 1297 ————-———
