1657 2526
211 66 296 108 202
352 63 526 98 APVLEI
552 63 1016 99 METAMORPHOSEON
1041 64 1128 100 LIB.
1148 64 1243 108 VIII,
1270 68 1324 99 31.
1351 65 1461 108 VHH,
1484 70 1502 101 1

140 138 210 162 Oud.

154 720 186 744 10

135 957 186 982 ι591

153 1016 184 1042 15

151 1314 183 1338 20

132 1505 185 1529 592

150 1790 182 1814 25

209 177 403 215 incuriose
453 189 554 225 pone
606 176 760 214 culinae
805 177 908 215 fores
951 190 1026 214 non
1073 177 1282 215 altiuscule
1327 190 1557 227 suspensum

209 236 317 275 canis
374 236 552 285 adaeque
602 236 807 273 uenaticus
857 236 1028 273 latenter
1076 237 1296 285 inuaserat,
1350 236 1556 286 laetusque

208 295 356 345 praeda
388 308 554 345 propere
587 295 852 334 custodientes
885 296 1018 333 oculos
1050 297 1239 333 euaserat.
1304 309 1379 345 quo
1413 297 1556 334 damno

209 355 366 405 cognito
406 367 554 403 suaque
593 354 829 403 reprehensa
867 354 1117 404 neglegentia
1155 367 1268 393 cocus
1306 355 1374 393 diu
1410 356 1557 394 lamen-

207 417 316 452 tatus
371 413 545 452 lacrimis
600 413 867 451 inefficacibus
922 414 1159 462 iamiamque
1216 415 1371 453 domino
1422 427 1556 453 cenam

207 474 412 524 flagitante
451 485 629 511 maerens
669 474 708 511 et
741 474 953 522 utcumque
985 474 1163 510 metuens
1196 475 1333 523 altius,
1372 474 1453 512 filio
1486 487 1555 512 suo

206 533 374 582 paruulo
425 531 673 570 consalutato
724 532 966 581 adreptoque
1015 533 1210 581 funiculo,
1266 535 1432 571 mortem
1482 533 1555 571 sibi

207 605 309 629 nexu
340 592 473 641 laquei
506 591 772 641 comparabat.
834 604 904 629 nec
936 594 1069 630 tamen
1100 592 1221 630 latuit
1252 592 1371 630 fidam
1396 605 1556 631 uxorem

207 652 292 689 eius
324 664 437 690 casus
470 653 665 689 extremus
694 652 841 699 mariti,
874 651 940 689 sed
967 652 1165 689 funestum
1191 651 1336 689 nodum
1361 652 1556 690 uiolenter

206 711 397 749 inuadens
441 711 622 749 manibus
663 711 870 748 ambabus:
915 708 1105 759 ‘adeone'‚
1148 713 1296 760 inquit,
1341 708 1555 760 epraesenti

206 771 311 808 malo
349 771 583 819 perterritus
622 772 752 808 mente
792 770 971 807 excidisti
1007 772 1077 807 tua
1108 783 1178 808 nec
1210 771 1418 809 fortuitum
1450 771 1555 808 istud

207 829 440 878 remedium,
473 829 578 878 quod
611 829 726 867 deum
757 829 1008 879 prouidentia
1040 829 1331 878 subministrat,
1363 829 1554 868 intueris?

206 902 298 926 nam
330 890 363 927 si
395 889 490 938 quid
522 890 562 926 in
595 889 735 926 ultimo
769 890 951 926 fortunae
982 888 1139 927 turbine
1171 891 1386 939 resipiscis,
1422 903 1553 939 exper-

205 949 287 998 gite
326 949 379 986 mi
418 949 596 987 ausculta
636 951 674 986 et
713 948 903 986 aduenam
942 949 1063 986 istum
1095 950 1249 986 asinum
1280 950 1429 987 remoto
1461 962 1554 999 quo-

206 1009 294 1046 dam
329 1008 413 1046 loco
441 1008 651 1045 deductum
676 1009 813 1059 iugula
839 1008 1041 1057 femusque
1070 1009 1152 1045 eius
1179 1009 1228 1046 ad
1254 1008 1555 1046 similitudinem

205 1068 351 1117 perditi
377 1067 598 1105 detractum
614 1062 624 1120 J
639 1069 678 1105 et
703 1067 926 1106 accuratius
952 1067 993 1105 in
1016 1067 1286 1117 protrimentis
1307 1068 1554 1116 sapidissime

205 1129 431 1176 percoctum
465 1127 615 1176 adpone
647 1127 804 1164 domino
838 1127 989 1165 ceruini
1020 1124 1172 1165 uicem.’

293 1187 545 1236 Nequissimo
578 1186 784 1224 uerberoni
817 1199 886 1224 sua
918 1186 1069 1235 placuit
1101 1187 1205 1224 salus
1238 1186 1285 1224 de
1317 1198 1403 1224 mea
1429 1188 1553 1224 morte

205 1248 245 1283 et
276 1247 445 1284 multum
478 1258 687 1284 conseruae
720 1246 884 1283 laudata
917 1247 1135 1295 sagacitate
1168 1242 1442 1297 destinatae[t]
1474 1247 1554 1283 iam

204 1307 384 1344 lanienae
417 1306 562 1343 cultros
596 1305 773 1343 acuebat.

697 1495 906 1533 LIBER
944 1496 1062 1534 VIIII

294 1602 357 1641 Sic
388 1603 455 1640 ille
489 1602 752 1651 nequissimus
785 1603 957 1640 carnifex
997 1605 1132 1640 contra
1158 1616 1218 1640 me
1244 1615 1383 1640 manus
1408 1604 1550 1652 impias

203 1662 451 1711 obarmabat,
492 1664 533 1699 at
571 1675 641 1712 ego
680 1662 968 1711 praecipitante
1007 1663 1212 1700 consilium
1250 1663 1417 1711 periculi
1449 1664 1552 1700 tanti

206 1723 431 1771 praesentia
462 1734 533 1759 nec
566 1723 771 1770 expectata
803 1722 958 1759 diutina
990 1722 1229 1772 cogitatione
1257 1722 1454 1760 lanienam
1480 1724 1551 1759 im-

205 1783 418 1819 minentem
462 1782 557 1831 fuga
599 1781 727 1818 uitare
772 1783 912 1829 statui,
955 1783 1212 1831 protinusque
1253 1782 1427 1831 uinculo,
1472 1794 1550 1830 quo

202 1842 352 1879 fueram
387 1841 596 1891 deligatus,
629 1840 797 1889 abrupto
825 1854 941 1879 cursu
967 1854 1026 1877 me
1053 1841 1228 1890 proripio
1256 1841 1349 1879 totis
1375 1840 1551 1890 pedibus,

203 1901 252 1937 ad
288 1901 455 1938 tutelam
489 1900 629 1938 salutis
663 1900 808 1938 crebris
842 1900 1013 1938 calcibus
1045 1901 1251 1948 uelitatus,
1289 1901 1457 1949 ilicoque
1490 1914 1550 1938 me

296 2025 323 2059 F
346 2026 457 2060 1642‘·.
489 2040 515 2070 φ
538 2025 611 2059 56¹³.
709 2032 724 2059 1
750 2025 921 2069 suspensa
944 2027 1052 2069 prim.
1081 2026 1097 2059 s
1119 2027 1159 2060 in
1184 2037 1255 2060 ras.
1284 2026 1329 2060 ab
1355 2026 1431 2060 eadf
1459 2037 1502 2059 m.

201 2081 218 2107 5
245 2074 290 2116 cf.
311 2076 418 2115 201‚1
563 2080 600 2106 16
626 2072 885 2107 detruncatum
914 2074 1039 2108 Rohde
1177 2073 1423 2116 sapidissimis
1449 2073 1552 2107 vdVl

200 2122 276 2155 coll.
302 2124 412 2163 246,9
507 2127 542 2153 17
570 2120 651 2154 uice
702 2134 745 2164 cp:
773 2121 855 2155 uice
881 2123 924 2164 cf.
946 2124 1079 2162 2213,12
1103 2124 1238 2163 20'S,.2l
1265 2124 1342 2164 flor.
1368 2124 1393 2155 2
1418 2122 1504 2164 <3‚2)

201 2176 236 2202 19
270 2168 455 2202 destinata
487 2169 545 2212 (ex
573 2169 749 2212 posterior
781 2180 802 2202 a
835 2169 881 2203 al.
909 2181 953 2202 m.
981 2170 1035 2211 eff.
1065 2170 1097 2211 e)
1131 2169 1206 2202 etia
1234 2168 1379 2201 lanieue
1407 2170 1462 2211 (φ)
1488 2179 1551 2202 em.

202 2217 296 2260 Lips
422 2222 460 2248 20
488 2215 565 2258 Ego
592 2215 781 2249 sallustius
803 2216 876 2260 legi
903 2216 931 2249 ὣ
959 2215 1105 2249 emdaui
1131 2227 1231 2250 rome
1258 2215 1355 2250 felix,
1381 2217 1385 2259 Ι
1408 2215 1549 2249 Metha-

200 2275 573 2320 phoramorphoseon.
602 2275 688 2309 LIB.
710 2274 802 2309 VIII.
832 2274 969 2319 explic.
997 2275 1110 2319 Incip.
1134 2273 1243 2308 VHH.
1382 2281 1420 2308 23
1446 2274 1550 2309 csilio

201 2325 234 2367 (o
261 2324 307 2357 (ιῖ.
335 2335 379 2357 m.
407 2334 496 2357 corr.
522 2334 564 2357 em
589 2323 627 2367 fi)

1568 139 1594 163 E

1576 1196 1625 1220 155

1654 149 1657 170 1
