1657 2526
234 58 411 93 APVLEI
434 57 902 93 METAMORPHOSEON
927 58 1014 93 LIB.
1035 57 1130 100 VIII,
1151 60 1287 91 29—31
1357 59 1440 101 201

24 133 93 159 Oud.
1455 129 1480 154 E

93 171 408 222 deprehendunt3
446 171 684 219 iamiamque
721 170 872 207 uicinos
906 170 1079 219 undique
1112 169 1330 218 percientes
1362 172 1441 207 tur-

21 240 74 266 588
91 231 295 280 pissimam
330 243 510 269 scaenam
536 230 794 279 patefaciunt,
821 229 980 278 insuper
1005 229 1169 267 ridicule
1196 228 1444 266 sacerdotum

91 290 341 340 purissimam
384 289 590 328 laudantes
636 290 921 327 castimoniam.
985 286 1112 338 <I1>ac
1150 288 1317 326 infamia
1356 301 1444 326 con-
1466 296 1515 331 30

92 351 276 398 sternati,
320 362 420 398 quae
465 361 533 398 per
581 361 648 386 ora
685 348 823 398 populi
861 347 976 385 facile
1015 347 1171 397 dilapsa
1209 349 1349 385 merito
1387 349 1443 385 in-

91 409 199 447 uisos
232 421 276 447 ac
303 408 555 447 detestabiles
583 421 648 446 eos
674 408 825 445 cunctis
851 403 1113 458 effecera[n]t,
1145 409 1298 445 noctem
1325 408 1445 445 ferme
1484 417 1498 441 5

92 469 196 506 circa
233 468 404 506 mediam
443 467 617 505 collectis
657 467 836 504 omnibus
876 467 1013 503 furtim
1049 466 1212 504 castello
1245 467 1447 504 facessunt

91 527 272 576 bonaque
311 529 465 566 itineris
498 529 612 576 parte
645 529 736 564 ante
767 526 918 564 iubaris
952 528 1130 564 exortum
1161 522 1441 576 transacta[m]

91 588 171 625 iam
203 587 266 624 die
298 587 404 625 claro
437 586 671 624 solitudines
704 587 816 624 auias
849 585 975 633 nacti,
1012 586 1143 625 multa
1174 597 1304 623 secum
1336 586 1445 634 prius

91 646 306 694 conlocuti,
347 647 559 696 accingunt
596 658 635 683 se
675 657 760 683 meo
800 645 929 682 funeri
961 645 1110 693 deaque
1143 644 1327 682 uehiculo
1360 658 1446 682 meo

91 705 249 744 sublata
287 708 326 743 et
364 706 474 743 humi
512 706 688 754 reposita
726 705 876 742 cunctis
915 704 1142 743 stramentis
1180 717 1241 741 me
1280 704 1445 742 renuda-
1468 713 1518 737 154

90 768 175 803 tum
211 778 256 803 ac
287 765 333 802 de
367 765 540 814 quadam
574 777 718 813 quercu
750 764 989 802 destinatum
1024 764 1147 814 flagro
1172 764 1243 802 illo
1270 763 1446 813 pecuinis
1468 772 1499 796 11

91 825 245 863 ossibus
289 827 471 862 catenato
516 824 769 862 uerberantes
816 836 942 872 paene
981 823 1031 860 ad
1069 825 1282 861 extremam
1315 817 1326 876 Η
1358 835 1446 861 con-

90 884 264 922 fecerant
301 886 485 932 mortem3
524 884 600 921 fuit
639 896 756 932 unus,
802 885 870 932 qui
907 884 1076 932 poplites
1115 895 1221 921 meos
1261 896 1447 921 eneruare

91 956 224 982 secure
269 956 340 981 sua
385 944 709 993 comminaretur,
753 943 859 992 quod
904 943 950 979 de
984 942 1131 991 pudore
1169 943 1239 980 illo
1280 942 1446 980 candido

21 1012 73 1038 ⁵89
93 1003 245 1042 scilicet
276 1015 345 1041 suo
377 1005 458 1040 tam
493 1003 723 1041 deformiter
753 1002 1080 1051 triumphassem:
1119 1002 1186 1039 sed
1218 1001 1337 1040 ceteri
1368 1014 1446 1040 non
1468 1010 1500 1035 15

91 1075 201 1100 meae
235 1062 388 1110 salutis,
421 1062 488 1101 sed
517 1063 719 1100 simulacri
743 1064 908 1099 iacentis
935 1062 1269 1110 contemplatione
1295 1062 1336 1098 in
1362 1061 1447 1099 uita

91 1136 153 1160 me
186 1122 439 1160 retinendum
471 1134 663 1160 censuere.
706 1134 859 1159 rursum
894 1121 1030 1170 itaque
1061 1134 1123 1158 me
1149 1122 1339 1159 refertum
1366 1134 1446 1158 sar-

93 1182 191 1220 cinis
226 1181 356 1231 planis
390 1182 535 1232 gladiis
566 1183 763 1219 minantes
794 1181 1031 1230 perueniunt
1063 1180 1112 1218 ad
1146 1180 1347 1229 quandam
1379 1193 1446 1218 no-

93 1241 210 1279 bilem
241 1238 245 1290 Ι
275 1242 491 1279 ciuitatem.
542 1241 640 1278 inibi
672 1241 734 1278 uir
765 1240 1010 1289 principalis,
1043 1242 1081 1278 et
1114 1240 1212 1278 alias
1239 1240 1447 1290 religiosus

93 1303 132 1339 et
175 1302 315 1339 eximie
359 1301 474 1338 deam
517 1313 716 1347 reuerens,
761 1301 909 1337 tinnitu
955 1299 1226 1349 cymbalorum
1271 1302 1309 1337 et
1332 1312 1447 1338 -sonu
1467 1309 1501 1334 20

92 1363 374 1410 tympanorum
418 1362 635 1409 cantusque
676 1360 815 1410 Frygii
859 1359 1122 1397 mulcentibus
1168 1359 1340 1397 modulis
1385 1373 1446 1397 ex-

93 1421 193 1458 citus
226 1421 424 1469 procurrit
456 1420 613 1458 obuiam
647 1420 838 1468 deamque
864 1421 1003 1456 uotiuo
1030 1419 1247 1467 suscipiens
1274 1419 1447 1468 hospitio

22 1488 74 1514 ⁵90
92 1492 163 1518 nos
202 1479 327 1518 omnis
365 1480 472 1517 intra
505 1481 734 1528 conseptum
767 1479 906 1517 domus
940 1479 1208 1528 amplissimae
1242 1479 1450 1516 constituit

91 1551 316 1587 numenque
349 1552 500 1577 summa
527 1539 781 1577 ueneratione
809 1541 927 1588 atque
954 1538 1093 1576 hostiis
1122 1538 1263 1587 opimis
1290 1539 1448 1587 placare

95 1598 309 1637 contendit.
1467 1607 1500 1632 25

180 1657 256 1696 Hic
294 1671 365 1709 ego
402 1672 463 1695 me
501 1659 752 1707 potissimum
790 1657 933 1706 capitis
971 1657 1240 1706 periclitatum
1273 1658 1446 1695 memini.
1468 1664 1516 1699 31

92 1730 184 1755 nam
234 1717 394 1767 quidam
444 1718 604 1756 colonus
655 1720 807 1766 partem
855 1717 1080 1754 uenationis
1124 1718 1295 1754 inmanis
1341 1719 1448 1755 cerui

92 1777 397 1827 pinguissimum
428 1778 555 1815 femus
585 1777 743 1816 domino
769 1777 831 1814 illi
857 1789 926 1814 suo
954 1778 1109 1814 muneri
1134 1778 1309 1825 miserat,
1342 1777 1447 1826 quod

189 1938 216 1972 F
238 1941 331 1972 164⁸.
372 1953 398 1983 φ
421 1939 508 1973 562b.
656 1946 671 1971 1
697 1940 741 1982 ef.
765 1941 876 1981 62‚22
899 1941 1031 1981 202‚5;
1060 1941 1164 1981 14‚19
1192 1940 1322 1981 Πομ

93 1993 112 2020 3
140 1997 183 2020 ac
209 1988 264 2031 (φ)
291 1998 352 2021 em.
380 1998 401 2020 v
519 1994 536 2020 5
563 1985 764 2021 effecerant
789 1997 850 2021 em.
880 2001 906 2031 φ
1025 1993 1038 2019 7
1066 1985 1255 2020 transacta
1283 1997 1345 2020 em.
1373 1999 1400 2030 φ

94 2041 112 2068 8
138 2034 264 2068 nancti
292 2036 429 2078 (poster
453 2046 477 2068 n
503 2035 656 2078 induet.)
707 2048 751 2078 tp:
772 2034 874 2068 nacti
981 2041 1017 2067 10
1042 2034 1254 2068 renundatfi
1281 2045 1344 2068 em.
1370 2033 1449 2068 ead.

94 2093 139 2116 m.
273 2088 310 2115 16
335 2081 498 2116 tacentis
519 2084 574 2126 (φ)
601 2093 664 2116 em.
692 2082 854 2116 Beroalcl
986 2089 1025 2115 20
1052 2082 1198 2115 exumie
1224 2093 1286 2116 cm.
1315 2095 1342 2126 φ

94 2129 158 2162 d‘m
190 2130 246 2174 (φ)
279 2129 451 2164 dominae
483 2130 645 2164 Beroald
677 2129 784 2164 deam
817 2130 858 2164 de
885 2130 990 2174 Rooy
1022 2141 1071 2164 (m
1098 2129 1208 2163 deum
1236 2127 1451 2174 (matris>.9

94 2177 154 2212 He
271 2177 410 2210 tinnitu
438 2179 491 2221 (φ)
513 2178 631 2221 prior.
659 2179 675 2211 t
701 2189 745 2212 ex
770 2177 799 2211 T
825 2189 914 2212 corr.
943 2178 988 2212 al.
1017 2189 1075 2219 m,
1101 2179 1142 2210 tu
1168 2179 1209 2211 in
1234 2188 1306 2211 ras.
1335 2187 1377 2211 ez
1402 2187 1450 2210 ua

94 2229 135 2258 ut
159 2224 245 2266 vicl„
269 2225 340 2259 secl.
368 2225 440 2259 vid.
467 2229 575 2259 antea
599 2226 828 2270 superscript.
856 2226 972 2268 fuisse
1069 2224 1192 2258 sonitu
1219 2236 1239 2259 v
1265 2225 1309 2267 cf.
1332 2225 1448 2258 Neue-

102 2272 280 2317 Wayener
305 2273 391 2307 Lat.
420 2272 624 2309 Formenz.³
643 2274 670 2307 I
680 2275 752 2308 786
896 2279 932 2306 21
958 2272 1072 2317 frygii
1100 2273 1294 2319 (posterior
1318 2272 1331 2305 i
1358 2283 1400 2308 ex
1426 2274 1448 2304 s

97 2320 142 2355 al.
170 2321 230 2365 m.)
