1611 2516
210 86 264 127 68
380 83 557 118 APVLEI
582 82 1048 119 METAMORPHOSEON
1074 83 1160 118 LIB.
1181 83 1241 128 III⁷
1269 87 1324 118 21.
1345 87 1388 117 22

140 158 207 182 ΟΜΖ.

137 622 188 646 213

155 741 188 765 10

210 210 302 235 rem.
364 198 523 245 iamque
562 195 665 234 circa
703 197 871 245 primam
909 197 1034 233 noctis
1066 196 1247 246 uigiliam
1281 196 1330 233 ad
1361 196 1462 233 illud
1494 208 1553 234 su·

210 256 341 305 perius
374 255 598 293 cubiculum
630 267 817 304 suspenso
851 257 888 292 et
919 256 1058 293 insono
1090 257 1260 305 uestigio
1288 268 1350 293 me
1376 256 1557 304 perducit
1610 295 1611 299 ,

208 318 296 365 ipsa
328 328 476 364 perque
508 316 648 352 rimam
683 310 938 365 [h]ostiorum
971 316 1199 363 quampiam
1226 314 1333 352 iubet
1359 315 1556 363 arbitrari,

210 388 310 424 quae
355 375 409 413 sic
453 376 565 424 gesta
610 376 710 411 sunt.
773 374 851 411 iam
895 375 1067 422 primum
1108 374 1285 412 omnibus
1324 373 1477 411 laciniis
1516 387 1555 412 se
1610 374 1611 419 ᾗ

209 434 379 472 deuestit
405 434 609 482 Pamphile
643 435 681 471 et
714 433 846 470 arcula
879 433 1048 482 quadam
1081 433 1233 471 reclusa
1261 433 1424 483 pyxides
1450 434 1554 482 plus-
1610 434 1611 459 l

210 494 316 531 culas
348 493 439 531 inde
472 492 678 542 depromit⁷
711 493 757 530 de
791 493 877 541 quis
907 493 1024 529 unius
1052 493 1233 540 operculo
1259 495 1410 530 remoto
1437 495 1555 541 atque

208 553 381 590 indidem
427 554 560 601 egesta
604 552 822 601 unguedine
862 551 1007 600 diuque
1044 552 1230 601 palmulis
1269 553 1349 590 suis
1388 552 1556 590 adfricta

209 612 257 650 ab
302 612 393 649 imis
438 612 635 662 unguibus
679 624 761 649 sese
798 612 925 648 totam
964 611 1139 660 adusque
1178 624 1350 649 summos
1391 612 1555 661 capillos

207 672 368 721 perlinit
398 672 646 719 multumque
673 683 760 709 cum
787 671 946 708 lucerna
973 674 1121 708 secreto
1149 671 1355 708 conlocuta
1381 671 1556 708 membra

208 731 375 769 tremulo
415 743 599 768 succussu
636 730 779 779 quatit.
842 730 931 778 quis
969 730 1111 767 leniter
1148 730 1432 768 fluctuantibus
1467 743 1554 779 pro-

208 791 356 828 micant
387 791 524 828 molles
556 790 778 839 plumulae,
818 792 995 827 crescunt
1026 791 1065 826 et
1096 790 1217 827 fortes
1249 789 1452 838 pinnulae,
1488 789 1557 827 du-

206 852 318 888 ratur
355 862 474 888 nasus
510 851 715 897 incuruus,
754 850 948 898 coguntur
980 861 1130 898 ungues
1163 849 1315 886 adunci.
1378 850 1423 886 fit
1453 849 1556 887 bubo

207 910 423 959 Pamphile.
481 911 536 947 sic
580 909 685 947 edito
732 908 897 947 stridore
942 909 1105 957 querulo
1142 911 1223 945 iam
1261 910 1322 946 sui
1359 909 1555 957 periclita-

207 969 338 1006 bunda
377 969 571 1018 paulatim
611 971 716 1005 terra
754 968 939 1015 resultat,
976 980 1065 1005 mox
1103 969 1143 1005 in
1182 968 1307 1005 altum
1344 968 1556 1006 sublimata

172 1038 182 1043 ”
206 1029 422 1066 forinsecus
456 1029 550 1066 totis
583 1028 655 1065 alis
689 1028 832 1065 euolat.

295 1089 346 1125 Et
389 1088 460 1125 illa
505 1087 665 1137 quidem
710 1088 870 1136 magicis
915 1087 996 1124 suis
1041 1087 1192 1124 artibus
1236 1082 1410 1139 uolensj
1434 1087 1555 1125 refor—

135 1174 150 1181 ,
178 1150 354 1195 ‘inatux‚
394 1149 434 1184 a
473 1160 544 1197 ego
585 1147 694 1184 nullo
728 1147 960 1184 decantatus
993 1147 1181 1194 mimine,
1220 1130 1438 1195 praesentis
1470 1148 1555 1184 tan-

206 1210 291 1245 tum
336 1207 433 1244 facti
478 1208 636 1255 stupoie
676 1206 821 1244 defixus
851 1202 854 1257 Ι
885 1205 1044 1254 quiduis
1084 1206 1191 1243 aliud
1229 1206 1355 1256 magis
1393 1205 1556 1243 uidebar

136 1276 153 1299 2
207 1279 288 1304 esse
326 1279 444 1315 quam
482 1266 645 1303 Lucius:
690 1266 744 1303 sic
782 1266 1064 1303 exterminatus
1104 1266 1243 1312 animi,
1281 1266 1475 1303 attonitus
1513 1267 1553 1302 in

206 1327 421 1364 amentiam
459 1326 630 1375 uigilans
666 1325 908 1373 somniabam,
947 1325 1120 1363 defrictis
1154 1325 1250 1362 adeo
1283 1325 1349 1362 diu
1382 1325 1553 1374 pupulis,

205 1399 255 1423 an
287 1386 515 1434 uigilarem,
548 1386 644 1423 scire
677 1384 924 1433 quaerebam.
986 1384 1145 1422 tandem
1178 1384 1344 1433 denique
1376 1396 1555 1422 reuersus

206 1445 254 1483 ad
293 1457 447 1483 sensum
486 1445 755 1493 praesentium
791 1444 957 1493 adrepta
988 1456 1108 1480 manu
1139 1444 1291 1481 Fotidis
1325 1445 1364 1481 et
1395 1443 1555 1482 admota

204 1505 300 1542 meis
332 1504 566 1542 luminibus:
599 1500 762 1553 (patere,
796 1516 863 1541 oro
895 1500 965 1551 te',
996 1504 1170 1552 inquam,
1204 1500 1309 1540 ‘dum
1344 1503 1468 1541 dictat
1494 1516 1553 1541 oc-

205 1566 328 1613 casio,
372 1576 516 1613 magno
555 1566 594 1601 et
632 1559 880 1614 singulari[s]
921 1576 981 1600 me
1021 1562 1253 1600 adfectionis
1291 1565 1382 1600 tuae
1421 1563 1553 1601 fructu

154 1632 167 1656 Ξ
206 1624 355 1673 perfrui
400 1626 439 1660 et
482 1623 685 1672 impertire
729 1622 841 1660 nobis
886 1622 1089 1659 unctulum
1134 1622 1303 1659 indidem
1345 1635 1415 1671 per
1456 1623 1554 1660 istas

204 1687 295 1720 tuas
327 1683 511 1732 papillas,
544 1695 630 1720 mea
662 1682 868 1729 mellitula,
900 1684 1090 1730 tuumque
1117 1682 1356 1730 mancipium
1383 1682 1552 1719 inremu-
1591 1692 1600 1715 Δ

180 1743 372 1781 'nerabili
410 1742 597 1779 beneficio
637 1743 691 1779 sic
730 1741 803 1779 tibi
841 1744 1032 1790 perpetuo
1071 1741 1236 1792 pignera
1274 1753 1319 1778 ac
1355 1742 1435 1778 iam
1467 1754 1551 1790 per-

203 1802 285 1850 fice,
318 1804 362 1839 ut
394 1814 503 1839 meae
536 1801 679 1839 Veneri
713 1800 865 1850 Cupido
897 1801 1083 1849 pinnatus
1117 1800 1305 1838 adsistam
1339 1797 1439 1838 tibi?

301 1939 325 1972 F
354 1939 461 1973 137ab
501 1953 527 1982 φ
555 1940 627 1972 34¹2
739 1945 757 1971 3
782 1938 937 1982 ipsaque
963 1949 1029 1983 per
1053 1950 1073 1974 v
1170 1938 1332 1972 hostiorfi
1445 1945 1458 1971 7
1486 1950 1553 1971 un-

203 1987 356 2032 guidine
383 1988 440 2032 (cp)
466 1987 531 2022 litt.
562 1988 685 2029 reflat„
711 1986 772 2020 sed
800 1987 890 2021 idem
915 1987 991 2028 fuit
1135 1992 1170 2019 10
1196 1987 1240 2029 cf.
1269 1989 1456 2030 31121399.

203 2042 238 2067 14
271 2034 425 2068 resultat
456 2046 474 2068 r
504 2045 593 2069 corr.
628 2045 670 2068 eae
702 2033 719 2066 s
892 2040 928 2066 15
960 2034 1069 2068 motis
1102 2034 1210 2068 Nolfe
1242 2035 1286 2077 ef.
1313 2033 1403 2068 Stat.
1442 2032 1551 2068 Theb.

204 2083 254 2117 II
267 2085 340 2116 209
485 2089 520 2115 16
547 2081 694 2126 magnif
716 2082 774 2125 (φ)
800 2081 868 2124 defi
898 2082 985 2115 Prie
1014 2081 1095 2115 Oucl
1121 2082 1196 2116 coll.
1225 2084 1334 2123 ‹51‚18
1360 2092 1423 2115 em.
1449 2092 1469 2115 v

204 2153 332 2187 ualens
360 2153 485 2188 Pet-sch
595 2160 630 2186 18
657 2129 741 2197 (iuis
764 2152 840 2187 ead.
869 2165 912 2187 m.
941 2153 1026 2187 add.
1054 2151 1068 2171 ‘¹
1166 2159 1201 2184 19
1229 2153 1440 2186 externatus
1469 2152 1552 2187 Oolv

203 2203 249 2244 ef.
275 2201 368 2244 apol.
396 2203 576 2244 4315019)
746 2207 783 2233 24
811 2200 1008 2244 singularis
1060 2199 1550 2244 oe1singi1lar¹(ar¹m.r.ec

202 2250 340 2291 scrips„
361 2248 469 2292 posti
495 2249 612 2283 nescio
638 2260 686 2282 au
708 2253 719 2266 Η
746 2248 857 2282 deleta
885 2249 944 2292 sih)
1079 2254 1116 2280 26
1142 2250 1185 2291 cf.
1189 2229 1315 2289 ⁰,113’
1291 2251 1340 2281 2
1388 2247 1550 2291 pupillas

204 2296 302 2330 Fulv
328 2296 487 2340 pupulas
516 2296 713 2330 Bluemncr
808 2302 846 2328 28
872 2295 1050 2339 pinnatul
1071 2296 1128 2340 (φ)
1150 2306 1256 2338 przor
1281 2307 1304 2328 n
1331 2296 1371 2329 in
1396 2306 1466 2329 ras.

204 2343 274 2377 tibi
300 2344 365 2378 del.
392 2344 497 2378 vdl'l
