1657 2526
286 49 462 85 APVLEI
486 47 951 84 METAMORPHOSEON
977 47 1064 83 LIB.
1085 47 1128 91 X,
1156 51 1187 83 8.
1216 51 1235 82 9
1345 49 1430 92 243

17 124 84 151 aud.
1453 124 1479 150 Ε

83 168 169 204 tam
202 176 351 213 aequus
383 164 626 201 remanserat
659 162 805 210 iuueni,
837 161 933 211 quin
965 173 1053 198 eum
1080 161 1282 199 euidenter
1308 173 1431 198 noxae

85 226 326 273 compertum
358 223 463 260 insui
496 222 621 260 culleo
654 222 940 271 pronuntiaret.
994 234 1080 258 cum
1105 220 1186 258 iam
1213 220 1429 258 sententiae

20 295 24 300 ·
83 295 207 335 pareS,
240 284 468 321 cunctorum
501 282 603 319 stilis
637 282 686 319 ad
718 294 840 318 unum
866 292 1084 318 sermonem
1111 279 1430 330 congruentibus,
1452 290 1502 316 187

85 357 130 382 ex
161 355 266 380 more
308 343 500 391 perpetuo
541 342 582 378 in
623 354 764 379 urnam
803 353 957 378 aeream
991 340 1178 378 deberent
1210 340 1319 387 coici,
1352 352 1430 388 quo

84 402 201 442 semel
245 402 413 440 conditis
454 401 626 448 calculis,
670 402 751 438 iam
796 413 882 438 cum
920 399 976 437 rei
1016 401 1176 438 fortuna
1217 401 1430 446 transacto,
1451 410 1466 435 5

83 462 182 502 nihil
213 463 351 512 postea
382 462 618 499 commutari
642 460 797 510 licebat,
830 459 897 497 sed
923 459 1228 509 mancipabatur
1252 460 1430 508 potestas

84 522 224 572 capitis
267 523 309 559 in
353 534 514 559 manum
558 520 770 563 carnificis,
816 532 916 557 unus
961 532 979 555 e
1019 520 1127 560 curia
1167 519 1297 556 senior
1337 531 1430 567 prae

83 583 220 621 ceteris
253 582 475 630 compertae
507 580 577 617 fidi
607 582 726 629 atque
759 578 1009 617 auctoritatis
1040 579 1277 628 praecipuae
1309 578 1431 616 medi-

85 655 152 681 cus
184 641 376 679 orificium
408 653 530 678 urnae
557 652 676 678 manu
703 641 925 689 contegens,
956 652 1004 676 ne
1031 639 1118 688 quis
1145 639 1321 676 mitteret
1353 637 1430 675 cal-

85 702 216 740 culum
247 704 406 749 temere,
437 701 534 738 haec
566 699 616 738 ad
649 699 824 738 ordinem
856 699 1039 747 pertulit:
1452 710 1485 734 10

173 757 300 805 ‘Quod
350 761 493 798 aetatis
544 772 648 808 sum,
699 758 811 797 uobis
862 758 1126 807 adprobatum
1176 771 1237 795 me
1287 756 1432 795 uixisse

84 821 246 872 gaudeo,
279 833 348 858 nec
381 820 512 869 patiar
538 819 649 857 falsis
676 818 905 856 criminibus
932 819 1057 867 petito
1084 830 1149 855 reo
1176 817 1432 855 manifestum

13 891 65 916 695
83 879 337 918 homicidium
370 879 590 930 perpetrari
622 891 692 916 nec
724 890 807 926 uos,
840 878 908 926 qui
940 878 1025 915 iure
1057 877 1226 915 iurando
1254 876 1433 914 adstricti

83 939 280 989 iudicatis,
323 939 505 978 inductos
550 939 696 976 seruuli
740 938 943 976 mendacio
988 937 1175 987 peierare.
1238 938 1322 986 ipse
1355 950 1431 974 non

83 1011 242 1049 possum
287 1000 438 1038 calcata
488 1000 696 1036 numinum
740 997 930 1049 religione
976 997 1255 1036 conscientiam
1305 1009 1433 1034 meam
1454 1007 1486 1034 15

84 1060 226 1098 fallens
270 1072 475 1109 perperam
519 1058 790 1108 pronuntiare.
854 1070 966 1107 ergo,
1008 1060 1052 1095 ut
1089 1069 1149 1094 res
1188 1059 1259 1105 est,
1292 1056 1338 1094 de
1371 1069 1432 1094 me

85 1119 317 1170 cognoscite.

172 1179 351 1216 Furcifer
381 1180 469 1227 iste,
500 1191 695 1216 uenenum
727 1178 1043 1227 praesentarium
1069 1189 1297 1226 comparare
1324 1176 1432 1215 solli·
1455 1174 1479 1209 9

84 1239 185 1277 citus
218 1241 454 1288 centumque
488 1251 628 1276 aureos
661 1237 807 1276 solidos
840 1237 1005 1274 offerens
1037 1237 1228 1285 pretium,
1260 1249 1321 1274 me
1353 1249 1432 1275 non

85 1299 176 1337 olim
220 1301 474 1347 conuenerat,
519 1298 622 1347 quod
664 1298 825 1348 aegroto
868 1296 1023 1335 cuidam
1062 1296 1218 1334 dicebat
1256 1308 1431 1334 necessa·
1453 1307 1486 1332 20

83 1359 197 1409 rium,
230 1358 298 1407 qui
335 1358 464 1396 morbi
501 1357 785 1396 inextricabilis
824 1358 985 1395 ueterno
1018 1357 1271 1394 uehementer
1302 1356 1433 1405 impli-

86 1417 184 1456 citus
234 1419 341 1456 uitae
391 1430 430 1455 se
480 1417 674 1456 cruciatui
723 1417 952 1455 subtrahere
1002 1416 1177 1466 gestiret.
1258 1418 1300 1454 at
1349 1429 1434 1466 ego,

84 1478 322 1527 perspiciens
363 1478 512 1515 malum
552 1477 674 1515 istum
715 1477 971 1515 uerberonem
1012 1477 1275 1514 blaterantem
1313 1477 1434 1525 atque

85 1537 315 1576 inconcinne
353 1537 646 1575 causificantem
677 1531 688 1589 Η
721 1540 927 1585 certusque
966 1536 1128 1585 aliquod
1159 1535 1292 1574 moliri
1322 1535 1434 1586 flagi-

15 1607 67 1632 69⁶·
84 1599 196 1646 tium,
229 1597 317 1635 dedi
350 1597 508 1646 quidem
539 1597 752 1646 potionem,
785 1596 891 1643 dedi3
924 1596 991 1634 sed
1023 1596 1183 1633 futurae
1211 1595 1434 1644 quaestioni
1455 1605 1487 1632 25

85 1669 323 1707 praecauens
356 1670 434 1695 non
467 1657 601 1695 statim
635 1656 817 1706 pretium,
856 1655 961 1705 quod
994 1655 1243 1703 offerebatur,
1275 1652 1435 1708 acsscepi⁷

86 1717 152 1754 sed
201 1716 273 1755 “ne
322 1717 424 1755 forte
475 1711 655 1766 aliquis'',
687 1717 868 1765 inquam,
912 1715 1121 1764 “istorum,
1167 1727 1264 1764 quos
1308 1715 1435 1763 offers,

87 1789 293 1815 aureorum
334 1790 504 1826 nequam
547 1777 611 1814 uel
652 1776 809 1813 adulter
848 1775 1113 1825 repperiatur,
1153 1776 1196 1812 in
1237 1775 1309 1813 hoc
1348 1775 1435 1824 ipso

86 1837 242 1874 sacculo
287 1836 464 1875 conditos
510 1849 574 1874 eos
619 1836 738 1874 anulo
782 1837 850 1873 tuo
894 1837 1098 1884 praenota,
1143 1835 1264 1873 donec
1310 1835 1436 1872 altera

86 1896 148 1933 die
190 1896 454 1934 nummulario
495 1898 705 1945 praesente
747 1890 1087 1944 comprobentur&
1155 1896 1211 1933 sic
1250 1894 1434 1933 inductus
1456 1905 1489 1930 30

181 2021 207 2055 F
237 2021 356 2055 173⁸b.
384 2036 411 2066 φ
433 2022 529 2056 64⁸b.
652 2029 669 2055 4
696 2020 796 2065 qua?
822 2022 880 2056 He
919 2023 963 2065 cf.
984 2024 1094 2064 24‚20
1215 2027 1233 2055 8
1264 2020 1350 2065 fidej
1381 2022 1436 2066 (φ)

87 2068 118 2114 ej
154 2081 197 2104 επ
230 2069 242 2103 i
275 2070 322 2105 al.
355 2081 400 2104 m.
433 2080 522 2105 corr.
555 2070 617 2105 sed
655 2071 699 2112 cf.
731 2069 819 2104 Gen.
848 2070 907 2103 IX
931 2072 975 2104 14
1006 2069 1320 2115 Neue-Wayener
1351 2068 1434 2104 Lat.

87 2141 268 2177 Formenl.
290 2142 317 2175 I
322 2140 335 2159 3
356 2144 483 2185 5743‘1·
599 2148 636 2175 10
669 2118 755 2175 0ξῖιό
788 2153 850 2176 em.
878 2142 955 2176 ead.
983 2153 1027 2176 m.
1149 2147 1184 2174 11
1217 2140 1346 2174 dixisse
1379 2141 1435 2185 (φ)

87 2199 147 2223 em.
163 2189 325 2223 Beroald
432 2195 468 2223 12
494 2188 633 2243 petitor
659 2200 701 2223 eo
727 2200 817 2224 corr.
845 2190 892 2224 al.
920 2201 964 2224 m.
1070 2195 1107 2222 18
1132 2188 1300 2222 Furcifer
1325 2188 1367 2233 (F
1394 2200 1437 2223 ecc

86 2259 104 2292 f
125 2262 228 2304 corr.)
339 2267 374 2293 21
399 2245 586 2305 implica&
621 2272 682 2295 em.
710 2261 788 2295 ead.
815 2272 860 2296 m.
918 2274 963 2305 cp:
984 2259 1165 2304 implicit;
1264 2267 1300 2294 ⁶27
1329 2245 1440 2294 ossei-s

87 2315 116 2358 (⁰
135 2324 200 2354 aut
226 2331 315 2355 eras.
342 2324 407 2354 azot
433 2322 549 2365 evan.)
600 2335 644 2365 φ;
673 2319 782 2354 offers

1154 2379 1224 2413 16*
