1657 2526
215 68 300 111 256
394 64 569 103 APVLEI
593 64 1057 103 METAMORPHOSEON
1082 68 1169 105 LIB.
1190 68 1232 112 X,
1261 74 1315 105 24.
1343 74 1386 105 25

147 140 215 164 Οιιά,

213 181 296 219 sine
327 181 410 218 ullo
444 180 584 218 comite
617 194 737 230 quam
764 182 1029 220 maturissime
1055 183 1291 232 perueniret.
1343 185 1383 221 et
1407 197 1454 221 ne
1482 196 1561 232 qua

212 240 313 278 forte
346 245 574 278 nasceretur
606 241 786 278 ueniendi
821 241 1032 289 cunctatio,
1063 242 1189 280 tradit
1221 243 1383 280 anulum
1415 245 1559 281 marito

213 300 468 347 subtractum,
513 299 583 348 qui
626 302 868 338 monstratus
912 300 1029 338 fidem
1067 301 1200 339 uerbis
1239 299 1560 350 adstipularetur.

213 361 254 396 at
297 360 368 396 illa
412 359 602 396 mandatu
645 360 780 396 fratris
820 360 1036 408 obsequens
1071 382 1123 386 —
1158 361 1230 398 hoc
1273 361 1376 399 enim
1419 374 1561 399 nomen

141 423 192 449 725
213 419 297 456 sola
330 418 479 456 sciebat
510 439 568 444 —
600 421 776 467 respecto
809 420 929 456 etiam
962 420 1071 469 signo
1105 422 1199 469 eius,
1241 420 1343 469 quod
1376 421 1561 459 offereba-

175 480 285 526 etur,
324 479 495 522 nauiter,
542 479 586 515 ut
629 480 882 527 praeceptum
921 480 1069 528 fuerat,
1114 480 1347 517 incomitata
1386 481 1560 518 festinat.

213 538 281 575 sed
321 538 391 575 ubi
428 537 578 574 fraudis
618 540 813 575 extremae
845 538 957 586 lapsa
990 538 1171 588 decipulo
1204 539 1366 588 laqueos
1398 540 1561 578 insidia-

209 611 299 634 rum
337 598 517 645 accessit,
555 599 649 634 tunc
680 597 750 634 illa
781 610 878 634 uxor
909 598 1068 648 egregia
1099 611 1272 636 sororem
1303 600 1439 636 mariti
1471 599 1560 637 libi-

210 657 371 694 dinosae
415 657 542 694 furiae
587 656 757 694 stimulis
803 657 964 694 efferata
1005 659 1175 706 primum
1216 658 1375 706 quidem
1415 659 1562 696 nudam

157 722 189 747 10
209 717 343 767 flagris
376 716 513 753 ultime
546 716 738 763 uerberat,
772 716 922 765 dehine,
956 717 1061 765 quod
1094 730 1154 755 res
1188 719 1283 765 erat,
1324 718 1562 756 clamantem

210 773 447 826 quo<d>que
478 777 628 813 frustra
659 775 877 824 paelicatus
908 776 1182 826 indignatione
1216 777 1378 815 bulliret
1405 778 1557 816 fratris-

209 848 284 885 que
309 848 450 873 nomen
478 837 634 884 saepius
660 836 870 873 iterantem
896 836 1011 873 uelut
1036 838 1244 874 mentitam
1271 840 1390 886 atque
1416 839 1559 875 cuncta

208 895 421 945 fingentem
464 895 606 933 titione
651 895 835 933 candenti
885 895 988 932 inter
1037 896 1166 934 media
1210 897 1358 934 femina
1402 897 1560 935 detruso

138 959 190 985 726
209 955 476 993 crudelissime
509 956 677 993 necauit.

138 1011 186 1046 25
297 1015 406 1051 Tunc
444 1015 603 1052 acerbae
640 1015 778 1052 mortis
819 1014 938 1052 exciti
977 1016 1127 1053 nuntiis
1167 1016 1291 1053 frater
1323 1017 1363 1053 et
1394 1016 1562 1054 maritus

157 1080 188 1105 16
210 1077 422 1111 accurrunt
453 1075 655 1123 uariisque
688 1074 1039 1112 lamentationibus
1072 1075 1252 1112 defletam
1279 1075 1453 1123 puellam
1479 1078 1560 1113 tra-

209 1134 307 1171 dunt
345 1134 581 1183 sepulturae.
644 1146 714 1171 nec
751 1133 907 1171 iuuenis
953 1136 1097 1172 sororis
1137 1147 1230 1172 suae
1274 1137 1439 1173 mortem
1483 1137 1565 1172 tam

208 1195 395 1231 miseram
428 1192 467 1231 et
500 1206 599 1242 quae
632 1194 792 1231 minime
825 1206 897 1242 par
930 1195 1015 1230 erat
1046 1194 1213 1231 inlatam
1240 1206 1366 1243 aequo
1395 1195 1565 1232 tolerare

210 1253 344 1302 quiuit
376 1255 519 1301 animo,
552 1253 620 1291 sed
650 1253 880 1291 medullitus
914 1253 1046 1291 dolore
1080 1255 1296 1291 commotus
1333 1255 1565 1292 acerrimae-

155 1319 188 1344 20
209 1326 284 1361 que
328 1310 476 1363 bili<s>
520 1312 637 1350 noxio
687 1313 819 1350 furore
868 1313 1050 1361 perfusus
1103 1314 1190 1350 exin
1240 1313 1564 1363 flagrantissimis

207 1372 382 1411 febribus
422 1372 602 1420 ardebat,
639 1374 685 1410 ut
721 1372 799 1421 ipsi
837 1385 992 1421 quoque
1022 1368 1026 1422 Ι
1055 1374 1134 1409 iam
1169 1372 1323 1410 medela
1360 1373 1565 1411 uideretur

208 1444 289 1470 esse
322 1433 550 1470 necessaria.
603 1432 671 1469 sed
702 1444 810 1480 uxor,
844 1444 944 1480 quae
970 1431 1049 1468 iam
1075 1431 1228 1480 pridem
1254 1445 1395 1470 nomen
1421 1433 1556 1470 uxoris

207 1502 296 1530 cum
340 1492 414 1529 fide
458 1492 699 1541 perdiderat,
743 1491 938 1528 medicum
983 1492 1166 1529 conuenit
1205 1492 1401 1540 quendam
1434 1494 1551 1530 notae

206 1551 406 1600 perfidiae,
436 1546 447 1604 l!
480 1553 548 1600 qui
585 1552 663 1588 iam
701 1552 917 1588 multarum
954 1551 1178 1599 palmarum
1211 1554 1410 1599 spectatus
1441 1564 1555 1600 proe-

155 1617 187 1643 25
207 1611 270 1649 liis
309 1624 453 1662 magna
491 1611 673 1649 dexterae
711 1623 803 1648 suae
841 1613 1007 1659 tropaea
1044 1611 1287 1658 numerabat,
1321 1611 1433 1660 eique
1466 1624 1552 1660 pro-

207 1672 314 1709 tinus
365 1672 654 1721 quinquaginta
703 1670 903 1719 promittit
952 1670 1150 1718 sestertia,
1196 1672 1240 1707 ut
1283 1670 1351 1708 ille
1395 1670 1555 1719 quidem

208 1731 511 1768 momentarium
541 1743 734 1768 uenenum
767 1730 964 1776 uenderet,
996 1730 1082 1777 ipsa
1116 1731 1248 1767 autem
1281 1732 1426 1767 emeret
1452 1743 1553 1768 mor-

208 1791 286 1827 tem
320 1790 453 1827 mariti
491 1791 563 1828 sui.
627 1803 703 1838 quo
737 1790 912 1836 confecto
946 1789 1156 1826 simulatur
1186 1791 1408 1827 necessaria
1439 1802 1558 1838 prae-

311 1975 337 2008 F
360 1979 455 2010 176³.
483 1990 509 2019 φ
533 1975 675 2009 661’672.
786 1982 804 2008 9
839 1975 1017 2009 nudatam
1044 1975 1149 2009 vdVl
1179 1975 1241 2009 sed
1273 1974 1318 2017 cf.
1342 1977 1471 2017 153‚14

210 2030 241 2056 11
269 2035 385 2066 qu0q;
413 2025 466 2066 (φ)
494 2035 557 2057 em.
588 2023 670 2058 0ch
767 2030 802 2056 15
830 2022 960 2068 acerbe
988 2022 1010 2055 b
1039 2034 1081 2057 ecc
1106 2034 1130 2056 u
1157 2025 1205 2058 al.
1229 2035 1271 2056 ms.
1292 2033 1381 2057 corr.
1411 2023 1469 2066 (φ)

210 2077 244 2103 17
273 2071 387 2105 sorori
415 2072 587 2115 Plasberg]
707 2077 743 2104 18
776 2081 849 2114 qua
879 2070 960 2105 Ozcd
992 2082 1014 2104 a
1045 2082 1118 2114 qua
1145 2070 1277 2114 Seiopp
1382 2080 1451 2114 par
1483 2071 1563 2104 erat

211 2120 305 2160 (erat
332 2120 370 2152 in
395 2120 465 2162 f‘me
493 2130 613 2153 versus
639 2129 730 2153 eras.
757 2123 789 2152 et
814 2118 1040 2162 insequenti
1060 2117 1145 2152 add.
1166 2129 1227 2162 pr.
1249 2119 1307 2161 m.)
1405 2124 1441 2150 19
1462 2127 1561 2151 acer-

209 2166 343 2209 rimeq;
373 2168 427 2209 (φ)
457 2166 726 2210 aterrimaeque
751 2166 833 2201 Ozoa
929 2172 967 2198 20
993 2165 1060 2199 bili
1088 2167 1141 2209 (φ,
1167 2165 1229 2200 sed
1255 2176 1316 2199 em.
1344 2176 1387 2199 m.
1410 2166 1491 2208 rec.)

209 2220 246 2247 24
273 2213 318 2255 ef.
348 2214 418 2248 (750.
443 2225 511 2257 pro
537 2213 572 2248 S.
602 2214 732 2249 Roscio
760 2216 843 2253 6,17
943 2212 1199 2260 <multisque>
1237 2214 1426 2256 spectatus
1458 2213 1565 2246 vdVl

257 2262 372 2305 spect.
399 2261 511 2305 proel.
540 2266 577 2296 ut
603 2262 848 2305 intemretam.
876 2262 942 2296 del.
970 2261 1028 2295 He
1125 2267 1160 2294 27
1188 2260 1255 2294 illa
1282 2261 1338 2304 (φ)
1364 2260 1446 2304 ipsa
1471 2260 1568 2295 vZVl

211 2334 287 2368 coll.
308 2336 419 2376 2ὅ9,9
518 2321 661 2367 θωθτθτ
689 2344 752 2367 em.
780 2333 859 2367 ead.
888 2345 932 2367 m.
961 2333 1016 2377 (qt)
