1611 2516
100 153 169 177 Oud.

133 437 148 462 5

98 618 148 641 198

99 673 148 716 14

116 736 148 760 10

115 1034 147 1059 15

116 1332 150 1356 20

99 1394 149 1418 199

115 1692 148 1717 26

169 79 225 120 62
328 77 503 112 APVLEI
528 77 995 112 METAMORPHOSEON
1020 77 1187 120 LIB.111,
1216 81 1299 112 13-
1311 82 1352 112 15

1515 152 1540 176 E

168 191 389 242 porrigens:
422 187 561 240 ‘cape',
592 190 734 240 inquit,
768 187 851 228 ‘oro
883 192 936 240 te,
970 192 1010 228 et
1040 187 1141 240 (de)
1175 190 1325 239 perfida
1350 191 1513 228 muliere

169 250 407 298 uindictam,
457 251 576 287 immo
621 262 713 288 uero
757 250 851 288 licet
894 250 1021 288 maius
1066 249 1231 298 quoduis
1275 250 1514 299 supplicium

169 322 288 347 sume.
351 322 421 347 nec
459 311 592 347 tamen
629 322 691 347 me
722 311 848 358 putes,
888 322 967 358 oro,
1007 311 1144 358 sponte
1178 321 1363 359 angorem
1394 310 1514 347 istum
1582 309 1590 320 “

168 369 243 407 tibi
275 369 536 408 concinnasse.
588 369 644 406 dii
675 369 773 406 mihi
804 368 955 419 melius,
988 381 1107 417 quam
1132 370 1179 406 ut
1203 369 1280 406 mei
1307 381 1424 407 causa
1450 368 1513 406 uel
1534 376 1568 402 47

168 429 372 466 tantillum
413 428 639 477 scrupulum
676 429 843 478 patiare.
906 441 951 466 ac
992 429 1025 465 si
1064 427 1159 478 quid
1204 428 1358 465 aduersi
1401 429 1516 465 tuum

170 489 289 537 caput
332 488 503 537 respicit,
547 488 587 524 id
630 501 743 526 omne
784 487 964 536 protinus
1005 500 1090 525 meo
1135 487 1269 525 luatur
1312 488 1514 537 sanguine.

169 547 237 585 sed
275 547 379 596 quod
417 547 579 584 alterius
612 548 670 584 rei
701 559 819 585 causa
851 547 977 585 facere
1009 548 1115 584 iussa
1147 559 1246 597 sum,
1283 547 1388 585 mala
1422 559 1514 596 qua-

168 606 259 644 dam
293 619 379 644 mea
411 608 514 645 sorte
546 608 587 644 in
618 608 731 644 tuam
761 605 926 644 reccidit
956 603 1168 644 iniuriam’

259 666 367 704 Tunc
418 678 489 716 ego
534 666 743 704 familiaris
787 666 1028 704 curiositatis
1073 666 1297 703 admonitus
1340 665 1515 715 factique

169 738 327 763 causam
372 725 659 763 delitiscentem
702 725 846 763 nudari
889 725 1059 775 gestiens
1096 724 1281 773 suscipio:
1327 722 1516 762 ‘omnium

170 785 328 835 quidem
360 785 620 834 nequissimus
653 784 1019 834 audacissimusque
1051 785 1157 823 lorus
1182 786 1269 833 iste,
1303 797 1418 833 quem
1443 784 1516 822 tibi

168 845 434 882 uerberandae
467 844 688 893 destinasti,
719 845 828 894 prius
861 856 884 881 a
915 857 976 881 me
1009 844 1186 882 concisus
1219 847 1339 893 atque
1369 844 1514 882 lacera-

168 906 232 942 tus
270 904 450 941 interibit
487 904 586 954 ipse,
625 917 744 953 quam
775 906 887 942 tuam
917 904 1118 953 plumeam
1148 903 1394 953 lacteamque
1427 916 1513 941 con-

168 963 299 1014 tingat
313 966 455 1002 cutem.
487 964 553 1002 sed
574 964 670 1001 mihi
692 976 782 1001 cum
802 963 877 1001 fide
892 976 1082 1001 memora:
1104 963 1208 1012 quod
1220 965 1330 1001 tuum
1348 957 1517 1015 factumll

167 1020 403 1074 <fortunae>
429 1024 622 1061 scaeuitas
649 1024 857 1061 consecuta
882 1023 922 1060 in
948 1036 1079 1061 meum
1106 1023 1302 1060 conuertit
1327 1022 1516 1060 exitium}>

168 1083 307 1120 adiuro
335 1083 439 1120 enim
464 1085 573 1120 tuum
603 1083 701 1120 mihi
727 1083 975 1120 carissimum
1002 1084 1121 1132 caput
1146 1082 1248 1120 nulli
1272 1095 1333 1119 me
1358 1094 1517 1131 prorsus

169 1155 213 1181 ac
245 1156 292 1180 ne
325 1142 399 1179 tibi
432 1142 592 1191 quidem
624 1142 700 1191 ipsi
727 1142 976 1180 adseueranti
1003 1154 1116 1191 posse
1143 1142 1309 1189 credere,
1342 1141 1448 1191 quod
1472 1143 1517 1179 tu

168 1203 382 1251 quicquam
413 1203 455 1239 in
487 1214 615 1239 meam
648 1202 885 1251 cogitaueris
917 1201 1141 1251 perniciem.
1203 1214 1319 1250 porro
1351 1201 1517 1239 medita-

167 1263 230 1299 tus
262 1262 442 1299 innoxios
475 1273 587 1299 casus
618 1261 791 1299 incertus
824 1261 886 1299 uel
913 1262 1033 1299 etiam
1059 1261 1249 1299 aduersus
1276 1264 1412 1310 culpae
1438 1273 1516 1298 non

169 1323 301 1370 potest
333 1318 597 1372 ad<d>icere.'

262 1380 358 1418 Cum
395 1381 472 1419 isto
510 1380 586 1418 fine
625 1380 814 1418 sermonis
853 1381 985 1418 oculos
1016 1380 1168 1418 Fotidis
1201 1393 1309 1418 meae
1341 1379 1441 1418 udos
1474 1392 1518 1418 ac

167 1440 355 1477 tremulos
394 1442 433 1478 et
470 1453 595 1489 prona
633 1440 796 1478 libidine
828 1439 1022 1478 marcidos
1055 1439 1295 1488 iamiamque
1327 1438 1516 1477 semiado*

167 1500 344 1548 pertulos
384 1499 538 1537 adnixis
577 1501 616 1537 et
655 1497 1009 1550 sorbil<l>antibus
1048 1499 1170 1538 samiis
1208 1500 1387 1537 sitienter
1423 1499 1517 1536 hau-

167 1559 326 1597 riebam.

258 1618 322 1656 Sic
358 1619 430 1656 illa
461 1618 617 1657 laetitia
648 1621 842 1657 recreata:
881 1616 1059 1668 ‘patere',
1090 1620 1232 1668 inquit,
1273 1615 1368 1667 ‘oro‚
1408 1618 1518 1667 prius

167 1678 269 1717 fores
320 1678 489 1716 cubiculi
533 1678 744 1729 diligenter
787 1678 1014 1726 obcludam,
1064 1691 1112 1716 ne
1156 1679 1342 1716 sermonis
1393 1677 1519 1726 elapsi

242 1851 267 1885 F
297 1851 415 1886 13622’.
443 1865 470 1895 φ
497 1851 640 1887 33b34⁸.
762 1858 778 1885 1
805 1851 833 1885 Sc
860 1852 913 1896 (φ,
939 1851 1011 1886 sed.
1032 1862 1103 1886 ras.
1125 1862 1215 1886 corr.
1236 1852 1276 1885 in
1297 1852 1330 1895 e)
1356 1850 1401 1885 de
1428 1861 1448 1884 υ
1474 1861 1518 1885 ex

170 1900 295 1934 Petsch
328 1901 365 1933 et
398 1898 499 1946 (de)
534 1900 585 1934 ed.
619 1900 730 1956 Imm.v
748 1900 851 1943 post(
871 1900 908 1933 et
935 1898 1033 1946 <ex>
1064 1900 1175 1944 Beyte
1201 1900 1238 1932 et
1268 1898 1410 1943 perfida
1438 1896 1515 1944 (a)

168 1959 370 1993 Haeberlm
394 1959 456 1994 sed
481 1961 525 2003 cf.
548 1959 677 1993 Novcik
705 1959 811 1994 Ceske?
833 1970 922 1993 mus.
949 1959 1034 2002 filol.
1056 1962 1093 1993 X
1108 1961 1156 1994 36
1264 1964 1281 1991 4
1309 1958 1359 1992 du
1383 1957 1516 2002 (lincol.

169 2006 254 2041 add.
275 2007 322 2041 al.
343 2008 403 2050 m.)
526 2013 540 2039 7
569 2017 659 2040 ausa
685 2006 838 2052 Seyffert
958 2013 994 2039 10
1020 2020 1065 2050 φτ
1093 2005 1314 2041 delitesc-nte
1362 2004 1516 2049 suspicio

168 2055 225 2098 (φ)
250 2065 313 2088 em.
340 2065 360 2087 v
480 2061 516 2087 14
543 2065 706 2088 memora
732 2058 772 2088 ut
791 2054 863 2088 vid.
882 2055 1014 2097 reficitis
1039 2055 1105 2089 litt.
1128 2054 1175 2088 az.
1196 2066 1240 2088 m.
1262 2064 1351 2088 corr.
1372 2053 1412 2086 in
1435 2063 1518 2086 mea

169 2112 233 2134 ora
283 2115 325 2145 φτ
355 2112 437 2135 mea
464 2111 528 2136 ora
602 2112 766 2137 memora
792 2112 812 2135 v
838 2103 882 2145 cf.
910 2104 994 2143 36‚8
1018 2111 1183 2135 memora
1209 2111 1271 2135 oro
1300 2100 1383 2135 Colv
1433 2111 1516 2134 cum

171 2148 242 2182 fide
269 2148 328 2182 dic
357 2159 437 2182 mea
462 2159 525 2183 oro
555 2149 637 2184 Oud
769 2155 805 2182 15
832 2148 991 2195 scebitas
1012 2149 1034 2182 b
1061 2160 1149 2184 corr.
1171 2150 1211 2183 in
1236 2160 1260 2182 u
1289 2146 1514 2194 (fortunae)

168 2196 351 2230 scaeuitas
377 2196 424 2230 vd
439 2196 487 2230 1⁷1
526 2196 650 2243 <fati>
672 2207 719 2230 sc*
736 2197 860 2232 Rohde
957 2203 995 2229 20
1021 2196 1167 2230 adicere
1180 2196 1238 2241 (φ)
1252 2208 1313 2230 em.
1330 2195 1470 2230 Scriver

168 2251 205 2277 22
230 2245 275 2287 cf.
303 2246 408 2286 14,19
434 2247 540 2286 201,1
686 2251 724 2277 28
751 2243 985 2286 sorbilantib3
1012 2246 1057 2287 cf.
1086 2246 1169 2285 38,1
1196 2243 1327 2278 Funck
1353 2243 1461 2277 Arch.
1488 2243 1514 2285 f.

168 2292 228 2326 lat.
257 2292 345 2326 Lex.
368 2292 432 2326 IV
451 2294 523 2326 224
547 2303 619 2336 sqq.
680 2291 794 2325 fabiis
815 2293 873 2336 (φ)
898 2303 961 2327 em.
989 2303 1009 2325 v
1067 2290 1178 2325 labiis
1205 2291 1279 2326 cod.
1307 2290 1410 2325 Dorv

167 2345 205 2372 23
232 2338 410 2372 '‘auriebfi,
434 2338 480 2383 (ri
505 2350 549 2374 ex
575 2339 612 2372 di
638 2350 728 2374 corr.
754 2351 797 2373 m.
826 2339 920 2383 ead.)

1604 2305 1611 2516 --—-‘—-—-—-
1604 2114 1611 2298 -—-—--‹——
