1657 2526
25 110 92 137 Oud.

312 35 486 70 APVLEI
511 34 973 71 METAMOR'PHOSEON
1003 36 1087 70 12113.
1111 36 1152 79 X,
1179 40 1222 70 32
1355 39 1440 81 263

183 148 313 187 Venus
352 160 438 186 eece
477 160 566 186 cum
604 160 747 197 magno
786 148 921 185 fauore
957 159 1098 185 caueae
1131 149 1170 185 in
1203 149 1287 198 ipso
1319 110 1511 191 medi-{32

95 208 208 247 tullio
252 219 431 257 scaenae,
476 207 712 246 circumfuso
757 207 903 255 populo
948 206 1257 245 laetissimorum
1295 221 1440 257 paruu-

26 269 238 315 melorum,
275 267 387 306 dulce
425 266 628 305 subridens
668 267 847 304 constitit
885 278 1064 304 amoene:
1102 266 1191 304 illos
1226 268 1369 305 teretes
1402 269 1441 305 et

21 691 69 718 744

19 810 68 838 745

20 1286 69 1314 746

91 328 238 365 lacteos
282 326 434 376 puellos
476 326 622 363 diceres
662 327 705 362 tu
744 323 955 374 Cupidines
994 337 1107 363 ueros
1147 325 1193 363 de
1231 327 1339 365 caelo
1378 327 1440 365 uel

91 387 190 424 mari
228 385 475 424 commodum
513 385 728 433 inuolasse3
766 397 858 422 nam
890 386 929 422 et
961 384 1136 434 pinnulis
1168 386 1208 422 et
1239 386 1439 436 sagittulis
1479 396 1492 421 5

91 448 130 484 et
172 445 312 483 habitu
354 447 481 483 cetero
522 445 669 482 formae
709 445 909 493 praeclare
948 444 1217 495 congruebant
1254 447 1294 483 et
1331 445 1442 483 uelut

91 504 280 555 nuptialis
326 505 461 555 epulas
506 503 684 542 obiturae
729 503 909 541 dominae
950 503 1120 542 coruscis
1160 504 1441 553 praelucebant

90 564 251 602 facibus.
295 566 334 602 et
358 564 529 602 influunt
554 564 814 612 innuptarum
838 562 1060 612 puellarum
1088 563 1252 601 decorae
1272 563 1440 611 suboles,

89 624 178 661 hinc
211 623 372 662 Gratiae
413 623 680 675 gratissimae,
719 622 808 660 inde
842 622 972 660 Horae
1004 623 1306 671 pulcherrimae,
1339 636 1440 673 quae

88 683 227 722 iaculis
282 683 389 721 floris
444 683 539 721 serti
593 685 632 720 et
681 682 802 721 soluti
851 682 965 720 deam
1016 694 1128 720 suam
1178 683 1439 732 propitiantes
1462 694 1493 717 ιο

87 742 341 782 scitissimum
389 743 688 781 construxerant
732 741 909 785 chorum,
962 741 1142 779 dominae
1186 742 1440 792 uoluptatum

87 803 190 841 ueris
229 815 340 840 coma
377 801 634 840 blandientes.
697 801 777 839 iam
808 801 929 839 tibiae
962 800 1269 840 multiforabiles
1302 804 1440 840 cantus

87 861 232 912 Lydios
268 861 437 899 dulciter
468 863 696 899 consonant.
761 860 902 909 quibus
935 862 1205 910 spectatorum
1237 863 1398 910 pectora

87 934 205 960 suaue
242 921 523 970 mulcentibus,
561 921 678 971 longe
717 921 878 959 suauior
908 920 1042 958 Venus
1080 920 1233 969 placide
1271 933 1439 960 commo-
1459 932 1512 956 203

86 982 171 1018 ueri
197 980 478 1029 cunctantique
505 980 610 1018 lente
637 980 806 1030 uestigio
834 982 872 1018 et
894 979 1037 1018 leniter
1056 980 1271 1019 fluctuante
1292 976 1439 1033 spi[n]-
1459 990 1492 1016 15

87 1036 238 1092 nula[s]
278 1042 316 1078 et
351 1041 495 1078 sensim
528 1039 745 1077 adnutante
778 1039 907 1089 capite
939 1039 1070 1089 coepit
1100 1039 1279 1078 incedere
1312 1040 1437 1079 molli-

87 1112 161 1149 que
200 1099 390 1137 tibiarum
428 1111 523 1138 sono
563 1099 743 1138 delicatis
781 1099 1017 1148 respondere
1056 1099 1231 1150 gestibus
1267 1101 1306 1138 et
1337 1112 1440 1138 nunc

86 1160 181 1197 mite
207 1159 494 1208 coniuentibus,
521 1172 624 1196 nunc
650 1171 736 1197 acre
761 1158 1092 1197 comminantibus
1112 1159 1258 1209 gestire
1279 1159 1440 1209 pupulis

87 1221 126 1257 et
175 1231 460 1268 nonnunquam
510 1219 654 1256 saltare
703 1219 796 1257 solis
841 1218 976 1256 oculis.
1039 1219 1135 1257 haec
1178 1220 1225 1257 ut
1268 1220 1440 1268 primum

88 1281 178 1317 ante
216 1278 356 1316 iudicis
392 1280 644 1328 conspectum
676 1278 782 1316 facta
815 1280 885 1326 est,
917 1278 1008 1317 nisu
1038 1278 1292 1316 brachiorum
1324 1279 1439 1328 polli-
1460 1289 1493 1314 20

88 1338 166 1377 ceri
196 1338 422 1386 uidebatur,
454 1339 488 1376 si
520 1337 658 1376 fuisset
690 1337 836 1376 deabus
867 1337 1006 1376 ceteris
1034 1338 1223 1386 antelata,
1256 1338 1439 1377 daturam

87 1410 126 1436 se
170 1399 336 1447 nuptam
374 1397 511 1435 Paridi
548 1398 675 1436 forma
713 1398 967 1447 praecipuam
1006 1399 1145 1447 suique
1184 1397 1438 1437 consimilem.

87 1459 180 1496 tunc
213 1457 343 1496 animo
375 1457 527 1495 uolenti
552 1457 723 1508 Frygius
755 1458 913 1496 iuuenis
945 1457 1105 1504 malum,
1138 1457 1243 1507 quod
1268 1457 1439 1506 tenebat,

88 1530 248 1555 aureum
280 1517 392 1556 uelut
424 1517 616 1555 uictoriae
648 1517 844 1555 calculum
875 1517 1031 1566 puellae
1063 1517 1240 1555 tradidit.

182 1701 209 1736 F
232 1702 327 1737 177⁶.
355 1716 382 1747 φ
404 1705 475 1736 68².
574 1710 589 1736 1
615 1702 695 1748 ipsa
721 1704 776 1748 (φ)
803 1715 866 1738 em.
894 1715 914 1738 v
1010 1710 1028 1737 :3
1055 1703 1208 1738 cstituta
1234 1714 1332 1749 pone
1355 1705 1441 1749 (pro

87 1751 128 1784 tn
149 1750 274 1786 librar.
289 1754 355 1785 aut
374 1754 482 1785 antea
502 1755 568 1786 aut
581 1755 708 1795 postea
726 1763 792 1786 scr.
808 1750 850 1794 ti,
875 1763 899 1795 p
920 1752 966 1786 al.
982 1763 1027 1786 m.
1043 1762 1087 1786 ex
1106 1763 1142 1785 m
1161 1762 1264 1795 corr„
1284 1763 1399 1797 supra
1416 1764 1440 1787 n

88 1821 177 1845 cras.
216 1809 287 1845 vid.
320 1806 348 1853 ⁰)
423 1822 466 1854 cp:
500 1809 676 1846 costituta
701 1821 832 1846 moene
927 1810 1096 1846 constitit
1122 1821 1275 1846 amoene
1304 1823 1321 1845 υ

90 1886 96 1891 .
122 1856 256 1892 idonee
282 1856 378 1892 Hilcl
404 1886 410 1891 .
439 1857 581 1892 Dionae
607 1859 648 1894 Ε
673 1887 679 1893 .
706 1859 746 1892 at
770 1858 864 1893 bene
894 1859 975 1894 Oud
1001 1886 1008 1894 .
1031 1860 1068 1894 et
1093 1859 1147 1894 vel
1171 1860 1211 1893 at
1237 1858 1348 1902 Luetj
1369 1886 1375 1892 .
1398 1869 1440 1893 ac

88 1904 246 1939 merito?
273 1906 330 1940 He
362 1915 519 1939 amoena
545 1906 737 1941 Brakman
860 1913 874 1940 7
901 1906 1092 1951 nuptiales
1113 1908 1170 1952 (φ)
1197 1917 1215 1941 0
1243 1918 1285 1942 ea:
1310 1907 1323 1941 i
1349 1918 1440 1942 corr.

409 1961 426 1978 8»

88 1988 136 2023 al.
161 2000 207 2023 m.
324 1988 445 2033 epulis
465 2000 528 2023 em.
556 1989 634 2024 ead.
662 2001 706 2025 m.
732 1994 764 2025 et
790 2004 817 2034 φ
963 1996 981 2024 8
1007 1989 1153 2026 suboles
1174 1991 1213 2034 (u
1239 1995 1326 2025 «mut.
1354 1991 1394 2024 in
1420 2001 1439 2024 o

89 2037 136 2070 al.
164 2037 222 2079 m.)
290 2050 333 2081 φ;
362 2035 504 2071 soboles
645 2044 680 2071 10
706 2037 841 2072 iaculis
864 2039 919 2083 (φ)
949 2037 1108 2074 calathis
1135 2039 1255 2074 Heius
1279 2037 1439 2073 iactibus

90 2084 258 2119 Bursian
284 2082 442 2128 piaculis
470 2085 573 2120 Koch
722 2092 755 2119 11
782 2085 891 2121 [cites
913 2086 1080 2131 (induet.)
1105 2085 1298 2122 scitissimfi

89 2132 373 2180 construxerunt
403 2143 423 2166 υ
566 2138 603 2166 1-3
635 2132 735 2168 ueris
761 2135 818 2178 (φ)
850 2144 940 2169 corr.
967 2135 1045 2170 ead.
1071 2146 1116 2169 m.
1143 2133 1329 2169 eat-uerus·

90 2179 209 2225 coma]
237 2178 333 2213 dono
359 2179 498 2214 Wower
624 2186 660 2216 15
686 2180 912 2216 fluctuantes
933 2181 1110 2227 pinnulas
1131 2183 1185 2227 (φ,
1211 2181 1273 2217 sed
1297 2191 1439 2227 pennu-

88 2225 161 2270 las)
187 2237 250 2262 em.
276 2226 492 2261 Sehiekerad
516 2229 562 2271 cf.
583 2230 750 2273 30,22sq.
850 2235 884 2262 18
910 2228 1143 2272 conibentib3
1170 2230 1227 2274 (φ)
1253 2239 1315 2264 em.
1344 2240 1363 2262 υ

90 2305 127 2332 2⁶2.
153 2285 292 2333 ο[111111εέ
318 2309 381 2333 em.
407 2298 484 2333 ead.
512 2311 555 2333 m.
583 2302 616 2335 et
641 2314 668 2345 φ
