1657 2526
199 97 282 138 162
351 96 527 131 APVLEI
554 96 1021 131 METAMORPHOSEON
1048 98 1134 131 LIB.
1157 98 1235 137 VII,
1266 102 1316 132 10.
1346 103 1388 133 11

126 171 354 259 OMLdidique
388 210 516 248 subito
550 210 739 248 delectari
769 212 936 248 nomine.
993 213 1031 248 et
1056 212 1149 248 tunc
1182 211 1339 260 quidem
1371 213 1546 248 totarum

194 270 404 307 mulierum
435 272 542 308 secta
574 282 777 318 moresque
804 270 850 307 de
883 271 985 308 asini
1015 269 1238 319 pendebant
1270 270 1425 307 iudicio.
1478 270 1544 308 sed

195 329 263 366 ille
294 329 451 366 iuuenis
484 341 660 367 sermone
692 331 877 378 repetito:
913 323 1047 381 l‘quin
1080 325 1230 379 igitur’,
1262 330 1404 377 inquit,
1439 326 1544 378 ‘sup-

195 389 383 436 plicatum
418 388 537 425 Marti
572 387 715 426 Comiti
748 389 945 438 pergimus
980 391 1018 425 et
1058 389 1230 437 puellam
1263 389 1379 427 simul
1411 388 1545 426 uendi-

159 462 173 486 5
195 448 274 484 turi
308 451 345 485 et
378 448 501 485 socios
533 447 790 497 indagaturi?
858 447 941 496 sed,
973 451 1018 485 ut
1048 448 1175 495 uideo,
1207 448 1357 485 nullum
1391 448 1545 496 uspiam

194 519 312 556 pecus
350 507 585 544 sacrificatui
630 520 674 545 ac
714 520 762 544 ne
806 508 942 544 uinum
983 507 1140 555 quidem
1184 508 1340 555 potatui
1378 507 1544 544 adfatim

194 567 257 603 uel
284 566 480 604 sufficiens
506 566 705 603 habemus.
762 567 895 604 decem
920 567 1018 603 mihi
1049 568 1185 615 itaque
1218 567 1347 616 legate
1372 566 1545 614 comites,

195 627 282 673 quis
326 627 532 663 contentus
578 627 801 674 proximum
846 626 1048 663 castellum
1094 628 1247 675 petam,
1297 626 1388 663 inde
1431 626 1545 663 uobis

194 685 332 733 epulas
364 681 583 735 <s>aliares
617 682 945 733 comparaturus.²

141 758 174 783 10
285 743 348 781 Sic
376 757 419 781 eo
446 744 623 793 profecto
651 746 768 782 ceteri
795 746 998 793 copiosum
1024 745 1225 782 instruunt
1257 746 1387 795 ignem
1419 757 1544 782 aram-

194 816 269 852 que
302 805 448 852 cespite
480 804 626 841 uirenti
658 804 778 841 Marti
812 804 882 842 deo
915 805 1077 841 faciunt.

124 864 169 898 11
281 863 363 900 Νο0
401 863 527 901 multo
559 865 648 912 post
690 863 908 900 adueniunt
938 863 998 900 illi
1031 865 1204 901 uinarios
1236 866 1342 901 utres
1376 864 1544 901 ferentes

121 932 174 955 4⁶⁶
195 924 233 959 et
265 924 460 972 gregatim
494 935 618 971 pecua
656 924 950 961 comminantes.
1013 923 1116 960 unde
1157 923 1398 971 praelectum
1430 935 1545 972 gran-

194 981 281 1019 dem
319 982 471 1019 hircum
513 995 701 1020 annosum
742 985 780 1019 et
818 983 1077 1020 horricomem
1109 982 1229 1019 Marti
1262 981 1441 1019 Secutori
1475 981 1543 1019 Co-

141 1056 172 1081 15
193 1041 358 1089 mitique
390 1042 611 1078 uictimant.
675 1044 714 1078 et
738 1042 829 1079 ilico
856 1037 866 1093 ]{
891 1042 1103 1090 prandium
1129 1042 1347 1079 fabricatur
1373 1043 1545 1090 opipare.

192 1102 286 1138 tunc
318 1101 458 1149 hospes
490 1101 573 1138 ille:
608 1098 701 1138 ‘non
733 1098 877 1149 modo',
909 1102 1051 1149 inquit,
1092 1098 1399 1149 ‘expeditionum
1433 1113 1544 1150 prae-

194 1159 423 1208 darumque,
456 1174 592 1197 uerum
626 1161 745 1198 etiam
778 1161 1030 1209 uoluptatum
1063 1163 1282 1198 uestrarum
1314 1160 1451 1197 ducem
1483 1174 1544 1197 me

193 1216 451 1270 stren11(su>111
485 1221 628 1257 sentire
663 1217 827 1258 debetis’
863 1223 901 1257 et
934 1220 1140 1269 adgressus
1172 1221 1321 1270 insigni
1353 1220 1544 1258 facilitate

193 1279 348 1316 nauiter
379 1282 519 1317 cuncta
549 1280 859 1328 praeministrat.
923 1280 1058 1327 uenit,
1101 1280 1252 1327 sternit,
1285 1281 1430 1328 coquit,
1462 1282 1544 1316 tuc-

139 1355 172 1380 20
192 1335 334 1388 <r>eta
378 1339 608 1387 concinnat,
653 1339 818 1387 adponit
856 1339 1012 1385 scitule,
1054 1339 1119 1376 sed
1152 1340 1361 1388 praecipue
1394 1339 1545 1388 poculis

121 1409 173 1434 4157
194 1397 338 1435 crebris
371 1398 662 1448 grandibusque
689 1399 864 1447 singulos
890 1399 1121 1448 ingurgitat.
1184 1398 1380 1435 interdum
1413 1400 1544 1436 tamen

193 1453 527 1507 lin]simulatione
553 1458 770 1506 promendi,
804 1471 903 1505 quae
930 1457 1116 1506 poscebat
1148 1470 1253 1506 usus,
1286 1457 1335 1494 ad
1368 1458 1543 1506 puellam

193 1517 439 1554 commeabat
471 1517 646 1564 adsidue,
678 1518 882 1565 partisque
915 1517 1120 1565 subreptas
1154 1518 1330 1555 clanculo
1364 1520 1402 1554 et
1434 1530 1543 1566 prae-

192 1578 371 1624 gustatas
404 1589 427 1613 a
466 1589 505 1614 se
538 1577 716 1624 potiones
756 1576 944 1614 offerebat
982 1577 1130 1614 hilaris.
1194 1579 1234 1613 at
1267 1577 1335 1614 illa
1368 1577 1545 1614 sumebat

139 1652 171 1677 25
193 1634 424 1683 adpetenter
463 1638 501 1673 et
539 1648 615 1673 non
658 1649 861 1684 nunquam
895 1635 1044 1673 basiare
1076 1636 1227 1673 uolenti
1258 1637 1452 1684 promptis
1485 1648 1544 1673 sa-

192 1694 308 1733 violis
353 1695 640 1733 adlubescebat.
717 1708 818 1743 quae
862 1708 921 1733 res
967 1695 1111 1744 oppido
1157 1695 1254 1732 mihi
1300 1695 1543 1744 displicebat.

193 1749 296 1790 ‘hem
330 1754 454 1791 oblita
492 1767 531 1792 es
569 1755 798 1803 nuptiarum
838 1756 977 1803 tuique
1015 1756 1146 1792 mutui
1178 1755 1379 1803 cupitoris,
1413 1755 1543 1803 puella

191 1813 322 1862 uirgo,
362 1816 400 1851 et
438 1814 498 1851 1111
536 1814 665 1851 nescio
711 1815 773 1850 cui
811 1814 958 1852 recenti
996 1815 1159 1861 marito,
1201 1827 1316 1862 quem
1360 1814 1436 1851 tibi
1474 1827 1542 1863 pa-

191 1875 320 1910 rentes
352 1873 576 1921 iunxerunt,
609 1873 711 1910 hunc
744 1873 937 1910 aduenam
964 1877 1246 1922 cruentumque
1276 1886 1543 1922 percussorem

139 1949 172 1974 30
192 1933 431 1980 praeponis?
506 1946 576 1970 nec
620 1935 657 1970 tc
704 1933 942 1970 conscientia
983 1933 1173 1981 stimulat,
1218 1932 1284 1970 sed
1324 1933 1542 1970 adfectione

192 1991 344 2029 calcata
381 1992 484 2029 inter
522 1993 678 2029 lanceas
717 1994 753 2029 et
793 1992 947 2042 gladios
988 1994 1084 2030 istos
1117 1993 1281 2030 scortari
1313 1992 1389 2029 tibi
1419 1992 1543 2029 libet?

287 2115 314 2149 F
338 2120 421 2150 1336a
447 2131 473 2161 φ
494 2117 556 2150 491)
573 2120 642 2151 50“.
791 2121 809 2149 2
837 2118 939 2150 recta
966 2119 1020 2161 (φ)
1048 2129 1109 2151 em.
1138 2129 1156 2151 ‘2⁹
1320 2121 1337 2150 7
1367 2116 1443 2162 [uel
1469 2116 1542 2150 suf—

192 2163 334 2209 ficiens]
362 2165 420 2198 He
543 2168 561 2197 9
590 2164 665 2197 alia
692 2164 750 2197 rel*
771 2175 825 2208 (φι
854 2177 915 2198 em.
943 2176 987 2198 m.
1018 2176 1081 2198 rec.
1109 2166 1153 2206 cf.
1176 2167 1281 2205 .‘}1,14
1399 2167 1438 2197 17
1467 2174 1540 2197 me-

194 2211 313 2244 l'trenfi
342 2213 397 2255 (φ)
424 2212 574 2245 distinam.
602 2216 633 2246 et
659 2223 681 2244 u
710 2212 794 2245 add.
822 2213 867 2246 al.
897 2224 940 2246 m.
1052 2215 1092 2245 19
1119 2213 1246 2245 tuceta
1272 2213 1327 2255 (qs)
1354 2223 1416 2245 em.
1445 2224 1465 2246 v

192 2262 234 2291 22
256 2258 530 2293 insimulatione
545 2261 600 2303 (φ)
616 2260 754 2293 semum.
775 2260 855 2293 (md
876 2259 914 2292 in
935 2260 990 2293 del
1018 2260 1074 2293 He
1095 2260 1138 2301 ef.
1157 2262 1287 2300 149,27
1307 2261 1442 2296 2()9,17

192 2310 235 2339 25
262 2306 404 2340 basiare
431 2306 454 2339 b
481 2318 524 2340 etr
549 2318 570 2339 11
599 2318 687 2341 carr.
716 2308 760 2340 al.
788 2319 832 2340 m.
981 2306 1131 2339 l'abiolil'
1153 2318 1205 2351 (q),
1231 2307 1292 2341 sed
1318 2316 1397 2349 em.)

192 2359 234 2386 28
263 2354 407 2387 decenti
437 2355 659 2388 Cornelissen

1564 172 1590 196 E

1566 1523 1615 1547 124
