1611 2516
143 111 200 154 54
339 109 514 144 APVLEI
539 110 1009 147 METAMORPHOSEON
1033 111 1119 146 ΜΒ.
1141 111 1202 156 111,
1229 116 1259 147 3.
1281 116 1302 147 4

74 184 143 209 Οιιά.

142 223 319 261 fistulato
352 235 397 261 ac
428 236 499 272 per
530 223 602 261 hoc
633 224 824 274 guttatim
857 223 984 262 defluo
1016 223 1146 263 infusa
1171 237 1276 273 aqua
1301 226 1491 276 populum

143 282 198 321 sic
230 282 387 320 adorat:

234 339 388 390 ‘Neque
421 354 546 391 parua
571 354 632 380 res
659 355 703 380 ac
729 343 938 392 praecipue
964 355 1101 392 pacem
1127 343 1302 382 ciuitatis
1329 346 1491 382 cunctae

73 410 124 435 178
142 401 355 450 respiciens
395 403 433 438 et
471 402 648 451 exemplo
687 403 787 440 serio
825 402 1034 452 profutura
1069 404 1281 452 tractatur,
1320 402 1492 448 Quirites

109 469 124 496 5
145 460 393 499 sanctissimi.
459 473 578 509 quare
617 461 743 511 magis
782 462 964 513 congruit
998 462 1132 500 sedulo
1165 463 1340 514 singulos
1373 465 1492 512 atque

144 521 348 559 uniuersos
387 532 457 558 uos
495 533 566 569 pro
607 521 802 571 dignitate
839 521 999 570 publica
1036 521 1261 572 prouidere,
1300 535 1347 559 ne
1385 523 1491 560 nefa-

144 581 225 618 rius
257 579 455 618 homicida
486 582 547 617 tot
579 581 756 618 caedium
787 580 998 629 lanienam,
1031 594 1151 630 quam
1184 584 1363 620 cruenter
1388 594 1493 620 exer-

145 640 243 687 cuit,
293 639 440 688 inpune
489 640 759 678 commisserit.
822 653 893 679 nec
935 653 996 678 me
1041 641 1188 689 putetis
1232 640 1399 690 priuatis
1444 643 1493 679 si-

144 699 378 737 multatibus
409 698 642 737 instinctum
675 699 764 738 odio
796 701 955 749 proprio
988 701 1150 738 saeuire.
1208 713 1293 739 sum
1324 713 1492 750 namque

96 768 125 793 ιο
144 761 359 796 nocturnae
405 758 605 796 custodiae
649 760 870 809 praefectus
913 772 983 797 nec
1026 759 1066 797 in
1109 760 1341 798 hodiernum
1379 760 1492 798 credo

145 830 385 867 quemquam
422 819 657 869 peruigilem
682 813 693 872 Η
719 819 970 869 diligentiam
1007 831 1134 857 meam
1172 820 1330 868 culpare
1368 832 1492 869 posse.

143 890 226 915 rem
271 877 438 927 denique
480 878 607 927 ipsam
646 879 685 916 et
723 891 824 927 quae
863 882 976 917 nocte
1014 880 1125 928 gesta
1164 880 1256 917 sunt
1294 891 1381 916 cum
1418 878 1492 916 fide

145 936 352 985 proferam.
416 950 506 975 nam
552 950 638 975 cum
684 939 763 975 fere
808 939 887 976 iam
931 938 1050 975 tertia
1088 938 1228 988 uigilia
1265 938 1494 987 scrupulosa

145 995 353 1046 diligentia
397 998 560 1034 cunctae
604 997 779 1036 ciuitatis
825 997 1000 1036 ostiatim
1045 998 1201 1048 singula
1244 997 1493 1036 considerans

93 1065 125 1091 15
146 1056 409 1103 circumirem,
448 1056 643 1105 conspicio
682 1057 803 1095 istum
842 1057 1152 1095 crudelissimum
1190 1059 1372 1096 iuuenem
1409 1071 1493 1094 mu-

75 1124 126 1149 179
146 1127 260 1153 crone
302 1115 488 1154 destricto
534 1116 682 1165 passim
725 1116 908 1155 caedibus
953 1119 1181 1165 operantem
1224 1118 1381 1166 iamque
1420 1117 1493 1155 tris

147 1187 309 1213 numero
347 1176 518 1214 saeuitia
555 1175 641 1213 eius
678 1177 936 1226 interemptos
976 1178 1067 1214 ante
1105 1176 1222 1226 pedes
1259 1177 1383 1226 ipsius
1415 1176 1493 1226 spi-

145 1236 278 1273 rantes
318 1234 461 1283 adhuc,
500 1235 727 1285 corporibus
766 1236 806 1273 in
844 1237 970 1274 multo
1009 1237 1200 1286 sanguine
1239 1236 1492 1285 palpitantes.

147 1294 186 1331 et
217 1294 299 1343 ipse
332 1294 492 1344 quidem
517 1296 758 1333 conscientia
784 1296 887 1334 tanti
914 1296 1100 1334 facinoris
1126 1296 1267 1334 merito
1293 1297 1493 1345 permotus

94 1363 128 1389 20
146 1353 283 1391 statim
315 1355 494 1405 profugit
526 1356 565 1392 et
595 1356 635 1392 in
669 1355 825 1393 domum
859 1355 1055 1404 quandam
1088 1354 1284 1404 praesidio
1315 1355 1494 1393 tenebra-

145 1426 233 1450 rum
278 1414 433 1463 elapsus
477 1416 679 1463 perpetem
717 1416 873 1452 noctem
911 1415 1078 1453 delituit.
1141 1414 1208 1452 sed
1246 1413 1494 1463 prouidentia

147 1472 279 1521 doum,
319 1486 419 1522 quae
456 1474 555 1511 nihil
593 1475 831 1523 impunitum
869 1474 1097 1513 nocentibus
1130 1474 1336 1523 permittit,
1368 1474 1493 1523 prius-

148 1544 267 1581 quam
304 1533 378 1571 iste
416 1533 671 1571 clandestinis
710 1533 916 1572 itineribus
956 1533 1194 1582 elaberetur,
1232 1546 1346 1571 mane
1383 1546 1494 1583 prae-

147 1592 314 1630 stolatus
353 1592 402 1630 ad
440 1594 719 1643 grauissimum
757 1594 893 1631 iudicii
929 1594 1054 1632 uestri
1084 1594 1374 1632 sacramentum
1406 1605 1495 1630 eum

96 1659 127 1686 25
148 1652 286 1689 curaui
323 1652 544 1700 perducere.
607 1653 759 1691 habetis
797 1654 932 1702 itaque
970 1666 1076 1691 reum
1116 1654 1178 1690 tot
1209 1651 1392 1691 caedibus
1423 1652 1494 1689 im-

146 1711 317 1760 piatum,
356 1725 464 1749 reum
497 1724 627 1750 coram
660 1712 910 1761 deprensum,
941 1725 1051 1750 reum
1082 1712 1342 1762 peregrinum.
1405 1723 1493 1749 con-

148 1772 302 1808 stanter
344 1771 481 1820 itaque
525 1772 565 1809 in
610 1772 806 1810 hominem
845 1773 1020 1810 alienum
1057 1772 1156 1810 ferte
1195 1772 1409 1810 sententias
1448 1770 1494 1808 de

150 1843 193 1867 eo
227 1830 400 1878 crimine,
433 1830 535 1880 quod
568 1832 688 1869 etiam
719 1833 761 1868 in
792 1834 968 1869 uestrum
1002 1831 1125 1869 civem
1152 1830 1341 1869 seueriter
1365 1830 1494 1867 uindi-

96 1898 129 1923 29
149 1886 317 1928 caretis.'

102 1954 125 1989 4
233 1949 296 1986 Sic
334 1951 515 2001 profatus
554 1953 759 1988 accusator
796 1946 1069 2002 a[c]cer›i1nus
1107 1951 1318 1988 immanem
1357 1961 1494 1986 uocem

245 2039 271 2072 F
294 2042 387 2074 135⁸.
416 2053 443 2083 φ
466 2039 537 2074 32¹³.
638 2046 653 2073 7
681 2041 761 2074 tota
788 2042 822 2084 (“
842 2041 888 2075 al.
916 2052 960 2074 m.
988 2039 1060 2075 vid.
1089 2039 1228 2083 addid.)
1255 2038 1342 2085 edin
1367 2038 1423 2082 (φ)

149 2092 167 2119 8
193 2085 238 2130 cf.
259 2087 361 2122 Neue
388 2088 471 2122 Lat.
495 2087 697 2123 Formenlss
722 2088 795 2121 III
809 2090 881 2122 407
1004 2094 1041 2121 18
1067 2087 1171 2133 pfera
1233 2100 1276 2131 φ;
1310 2084 1422 2132 pfera]
1449 2085 1495 2128 cf.

149 2136 252 2176 13,11
278 2136 412 2177 242,24
556 2141 591 2168 15
624 2146 797 2169 mucrone
829 2137 863 2180 (c
890 2146 979 2170 corr.
1006 2147 1049 2169 επ
1077 2134 1092 2168 [¹
1113 2138 1180 2169 aut
1203 2135 1235 2179 r)
1377 2139 1414 2166 16
1440 2132 1495 2167 di-

149 2181 274 2216 stricto
294 2186 379 2217 mut.
402 2194 455 2226 pr.
475 2194 520 2217 m.
542 2183 583 2217 in
602 2182 659 2226 de,
685 2183 792 2217 etiam
812 2183 852 2216 in
871 2194 938 2228 my.
960 2182 1086 2217 addito
1107 2182 1152 2216 de
1208 2195 1251 2226 φ;
1275 2180 1447 2215 destricto

149 2235 183 2262 17
212 2229 438 2273 spirantibus
469 2231 574 2264 vlel
716 2236 752 2263 18
778 2229 1051 2274 palpitantibus
1078 2229 1211 2264 Florid
1355 2235 1392 2261 22
1413 2231 1495 2272 post

150 2276 335 2320 permittit
362 2277 517 2321 <inueni
543 2277 700 2311 hominis
728 2276 957 2322 latibulum>
978 2279 1031 2312 ‘vel
1049 2278 1126 2311 sim.
1149 2276 1371 2311 intercidisse
1387 2279 1497 2319 putat

150 2325 224 2359 Leo
344 2331 382 2358 26
409 2326 621 2359 constanter
647 2324 690 2368 cf.
713 2328 817 2368 64‚10
938 2331 977 2358 30
1001 2325 1143 2371 cpphat3
1170 2335 1221 2358 em
1249 2337 1276 2368 φ
1377 2322 1495 2357 acces—

150 2370 232 2415 l'im3
260 2373 315 2417 (φ)
340 2383 402 2407 em.
430 2373 479 2407 al.
504 2384 548 2407 m.

1515 1126 1546 1150 41
