1611 2516
35 138 103 164 Oud.

35 484 85 508 168

36 841 86 866 1⁶9

37 1078 87 1104 170

38 1435 89 1462 171

281 63 457 98 APVLEI
483 62 951 98 METAMORPHOSEON
977 64 1066 99 LIB.
1086 64 1130 105 11,
1157 68 1211 99 31.
1235 67 1276 98 32
1396 66 1450 108 51

1472 137 1498 162 E

104 178 224 226 atque
268 178 422 214 utinam
467 176 617 226 aliquid
656 176 702 214 de
734 177 894 226 proprio
926 177 1058 226 lepore
1090 176 1301 215 laetificum
1335 177 1455 215 hono-

103 235 226 274 rando
277 235 348 274 deo
393 235 721 285 comminiscaris,
772 248 849 285 quo
894 237 1020 286 magis
1064 235 1297 285 pleniusque
1342 238 1455 274 tanto

104 295 258 333 numini
287 292 473 333 litemus.'

122 354 126 360 '
195 351 345 403 ‘Bene',
376 356 557 404 inquam,
590 351 646 392 ‘et
676 354 755 405 fiet,
787 357 834 392 ut
864 355 988 396 iubes.
1033 357 1071 392 et
1102 354 1245 392 uellem
1278 354 1455 392 hercules

104 414 313 452 materiam
350 415 549 464 repperire
582 415 768 464 aliquam,
802 427 922 464 quam
954 414 1048 452 deus
1080 415 1216 452 tantus
1249 414 1457 452 affluenter
1493 420 1509 446 5

104 470 312 512 indueret.'
375 475 466 523 post
502 474 598 512 haec
636 475 792 512 monitu
830 474 969 512 famuli
1005 473 1098 523 mei,
1138 474 1206 523 qui
1231 473 1358 512 noctis
1391 473 1456 511 ad-

104 533 307 581 monebat,
339 535 419 570 iam
452 535 491 572 et
520 534 605 583 ipse
637 534 799 583 crapula
831 534 1042 582 distentus,
1074 534 1257 583 protinus
1291 545 1456 583 exsurgo

106 594 144 630 et
176 592 377 642 appellata
409 589 634 644 pro[s]pere
660 593 840 643 Byrrena
871 593 1071 631 titubante
1103 593 1274 643 uestigio
1308 592 1456 630 domui-

104 652 250 690 tionem
284 664 454 702 capesso.

196 711 271 749 Sed
298 724 385 750 cum
408 711 578 762 primam
598 712 772 761 plateam
791 709 1085 763 <in>uadimus,
1112 713 1231 750 uento
1251 711 1457 761 repentino
1479 716 1529 752 32

106 772 255 820 lumen,
306 784 383 821 quo
427 771 671 820 nitebamur,
722 773 985 823 extinguitur,
1028 774 1073 810 ut
1116 771 1182 809 uix
1225 771 1458 821 inprouidae
1480 779 1513 804 10

105 831 232 869 noctis
271 831 439 882 caligine
477 831 638 870 liberati
672 832 808 883 digitis
840 832 985 881 pedum
1017 832 1193 870 detunsis
1226 831 1275 869 ob
1306 831 1459 881 lapides

105 890 323 940 hospitium
356 891 499 929 defessi
530 891 758 930 rediremus.
818 891 989 941 dumque
1021 892 1102 929 iam
1133 891 1298 929 iunctim
1330 891 1460 940 proxi-

106 962 278 999 mamus,
311 963 397 988 ecce
428 952 508 989 tres
543 951 704 1000 quidam
737 953 896 1001 uegetes
929 946 995 1004 et}
1030 951 1197 988 uastulis
1230 950 1460 1000 corporibus

107 1010 210 1048 fores
241 1012 396 1048 nostras
424 1023 470 1048 ex
497 1011 658 1049 summis
685 1010 835 1049 uiribus
861 1011 1063 1049 inruentes
1091 1023 1136 1049 ac
1161 1023 1209 1048 ne
1235 1010 1461 1060 praesentia
1481 1017 1512 1043 15

108 1069 268 1118 quidem
300 1072 436 1108 nostra
468 1069 673 1108 tantillum
707 1071 923 1119 conterriti,
956 1070 1019 1108 sed
1053 1071 1181 1121 magis
1214 1082 1301 1108 cum
1328 1082 1460 1107 aemu-

107 1130 256 1167 latione
306 1129 454 1167 uirium
504 1130 677 1169 crebrius
721 1130 976 1179 insultantes,
1027 1132 1074 1168 ut
1118 1130 1231 1168 nobis
1276 1141 1321 1167 ac
1364 1129 1462 1167 mihi

106 1189 357 1238 potissimum
389 1202 468 1227 non
500 1190 698 1228 immerito
731 1190 904 1229 latrones
937 1202 1019 1229 esse
1052 1192 1092 1228 et
1124 1189 1282 1239 quidem
1314 1189 1461 1228 saeuis-

109 1248 199 1286 simi
230 1248 470 1287 uiderentur.
516 1249 652 1287 statim
678 1249 848 1299 denique
874 1250 1063 1300 gladium,
1097 1262 1215 1298 quem
1239 1251 1349 1287 ueste
1375 1261 1464 1287 mea

109 1310 332 1346 contectum
366 1308 417 1346 ad
447 1309 518 1347 hos
549 1321 642 1347 usus
676 1310 907 1359 extuleram,
940 1311 1029 1348 sinu
1057 1309 1270 1347 liberatum
1296 1308 1461 1358 adripio.
1483 1316 1516 1342 20

108 1380 178 1406 nec
205 1369 414 1406 cunctatus
441 1369 589 1407 medios
615 1369 789 1407 latrones
815 1369 950 1407 inuolo
978 1382 1023 1407 ac
1049 1368 1230 1419 singulis,
1260 1370 1304 1406 ut
1331 1382 1462 1418 quem-

109 1440 184 1477 que
223 1428 515 1466 conluctantem
553 1428 810 1477 offenderam,
854 1429 1047 1467 altissime
1087 1429 1287 1479 demergo,
1334 1429 1463 1478 quoad

108 1487 268 1525 tandem
300 1490 392 1526 ante
424 1489 511 1538 ipsa
543 1489 716 1539 uestigia
747 1502 835 1527 mea
866 1490 992 1527 uastis
1026 1491 1065 1527 et
1098 1488 1243 1526 crebris
1271 1488 1464 1537 perforati

109 1547 340 1586 uulneribus
367 1549 530 1598 spiritus
558 1548 793 1587 efflauerint.
843 1549 898 1587 sic
923 1549 1154 1598 proeliatus,
1179 1550 1261 1586 iam
1285 1548 1465 1585 tumultu

204 1685 232 1719 F
248 1686 367 1721 134⁸b.
394 1700 421 1731 φ
437 1689 507 1721 32².
589 1694 607 1721 6
621 1686 793 1721 inbueret
807 1687 941 1731 Haupt
1013 1693 1030 1720 8
1045 1686 1181 1733 ‘pspere
1197 1688 1252 1732 (φ,
1265 1686 1381 1721 sedin
1394 1698 1462 1732 my.

110 1740 129 1791 g
148 1757 320 1803 propere)
395 1764 432 1792 ιο
450 1757 596 1801 ηειᾶὶηις
616 1759 674 1804 (φ)
695 1757 966 1804 <in>uadimus
982 1758 1135 1793 Stewech
1148 1759 1193 1801 cf.
1210 1760 1291 1801 53,1
1364 1764 1400 1791 12
1420 1757 1463 1791 li-

108 1804 245 1851 berati]
272 1805 414 1840 turbati
438 1806 663 1841 Cornelissen
688 1805 816 1840 librati
843 1806 976 1851 Sciopp
1002 1806 1046 1849 cf.
1068 1817 1100 1841 v.
1119 1809 1160 1841 8.·
1186 1805 1376 1840 titubante
1401 1816 1465 1840 ue-

110 1852 234 1898 stigi0‚
254 1853 297 1888 de
316 1853 380 1888 deo
393 1853 489 1889 Soer.
506 1857 552 1889 10
565 1855 687 1899 (17,20
699 1854 777 1898 Th.)
862 1860 898 1887 13
918 1853 1092 1900 iunctim]
1112 1853 1263 1887 ianuam
1277 1853 1419 1889 Seriver

109 1906 146 1933 14
171 1900 326 1945 uegetes
348 1902 407 1946 (φ)
432 1902 477 1944 cf.
501 1902 606 1946 Coo-p.
626 1902 731 1947 yloss.
760 1902 840 1936 VII
851 1904 923 1936 396
949 1901 1093 1947 uegetis
1118 1913 1139 1937 v
1164 1904 1342 1946 uegentes
1370 1901 1466 1936 Hild

110 1949 265 1993 uegetos
290 1949 331 1983 E
454 1955 490 1983 15
518 1950 575 1995 ex]
603 1948 633 1983 δε
659 1960 725 1983 om.
754 1963 781 1993 φ
809 1960 872 1984 em.
902 1950 986 1984 Colv
1012 1949 1057 1992 cf.
1085 1950 1180 1993 apol.
1210 1952 1255 1984 74
1279 1950 1393 1994 (83,4)

110 2002 147 2028 16
177 1995 300 2040 magis
309 2007 365 2031 *ποτ
399 1997 501 2041 (eras.
530 1997 601 2031 vid.
629 1998 684 2042 q;)
735 2010 780 2041 φτ
813 1995 968 2041 magisq'
1000 1998 1062 2042 (al.
1089 2009 1134 2032 m.
1161 1998 1218 2040 eff.
1245 1996 1366 2042 magis
1387 2007 1465 2030 ma-

111 2042 204 2087 gisq’
242 2043 287 2088 cf.
321 2046 429 2087 58,18
462 2047 572 2087 121,6
604 2047 730 2088 178,11
763 2046 912 2090 217,27)
1100 2043 1350 2079 cumulatione
1389 2044 1466 2079 eod.

111 2091 244 2125 Bertin
379 2098 417 2125 20
442 2091 514 2126 hoc
538 2093 595 2137 (φ)
622 2103 712 2128 corr.
732 2093 774 2127 in
799 2091 868 2126 hos
996 2099 1031 2126 21
1058 2092 1224 2127 latrones
1247 2093 1304 2138 (φ)
1322 2093 1467 2136 priores

113 2139 271 2182 quinque
295 2139 364 2174 litt.
390 2140 437 2174 ab
463 2140 542 2175 ead.
568 2151 613 2174 m.
640 2140 864 2175 emendando
890 2141 946 2183 eff.
1055 2154 1099 2184 cp:
1126 2140 1242 2174 iuado
1340 2139 1465 2174 inuolo

113 2185 171 2231 ac]
199 2185 370 2220 inuolans
396 2187 502 2222 vdVl
588 2187 743 2233 singulis
762 2189 818 2233 (φ)
831 2188 1013 2232 posterior
1033 2187 1045 2222 i
1064 2189 1105 2222 in
1123 2199 1197 2223 ras.
1295 2194 1332 2221 22
1354 2188 1467 2232 quoat

112 2234 174 2278 (φ,
205 2233 267 2268 sed
297 2235 314 2268 t
344 2244 434 2269 corr.
461 2234 503 2269 in
534 2235 572 2280 d>
718 2242 756 2269 24
788 2235 1001 2270 effiauerint
1033 2237 1089 2281 (φ)
1120 2247 1164 2270 m.
1191 2236 1366 2271 recentior
1394 2236 1464 2270 vid.

114 2280 251 2362 effiffre
287 2281 441 2317 voluisse
477 2283 539 2316 rsit
693 2283 857 2317 tumultu
896 2294 937 2317 eo
977 2285 1007 2328 (⁴
1048 2284 1147 2318 delet.
1186 2284 1249 2329 est)
1323 2296 1368 2327 cp:
1407 2283 1467 2316 tu-

114 2339 178 2362 mu
211 2339 233 2362 u
260 2338 303 2362 eo

1208 2390 1253 2423 4*
