1657 2526
295 42 466 82 APVLEI
493 38 956 80 METAMORPHOSEON
983 44 1069 78 Llss.
1091 44 1132 87 X,
1160 48 1192 78 4.
1215 50 1233 77 5
1350 45 1434 87 935)

19 123 87 148 Oud-

175 159 394 209 Repentino
420 159 525 195 malo
551 157 805 208 perturbatus
832 156 1070 204 adolescens,
1103 169 1329 204 quanquam
1357 156 1436 193 tale

16 229 69 255 ⁶8⁵
87 220 237 258 facinus
274 218 455 268 protinus
480 213 491 269 Η
518 217 799 264 exhorruisset,
838 228 915 254 non
953 217 1086 253 tamen
1125 215 1347 265 negationis
1379 216 1437 252 in-

16 702 68 728 ⁶86

17 1652 70 1678 ⁶87

86 279 323 327 tempestiua
367 278 579 314 seueritate
623 277 784 325 putauit
823 274 1150 324 exasperandum,
1194 273 1260 311 sed
1299 276 1438 312 cautae

86 337 356 388 promissionis
383 336 574 373 dilatione
600 334 836 373 leniendum.
888 347 981 384 ergo
1010 334 1165 383 prolixe
1196 329 1438 384 pollice[re]—

86 400 152 436 tur
183 398 238 445 et,
275 396 420 434 bonum
454 396 613 445 caperet
645 394 820 433 animum
853 394 1138 442 refectionique
1169 405 1210 431 se
1243 405 1287 430 ac
1319 393 1440 430 saluti

86 455 276 504 redderet,
307 454 505 504 impendio
538 454 691 502 suadet,
724 453 846 492 donec
877 453 1002 502 patris
1036 453 1170 501 aliqua
1197 452 1438 502 profectione

86 515 252 554 liberum
278 514 482 563 uoluptati
507 514 787 552 concederetur
813 512 999 562 spatium,
1025 513 1238 560 statimque
1260 524 1299 549 se
1320 512 1440 549 refert

87 588 110 614 a
158 574 274 612 noxio
324 575 535 623 conspectu
583 585 789 611 nouercae.
852 574 891 610 et
941 575 1019 610 tam
1069 583 1255 622 magnam
1301 571 1439 608 domus

87 634 237 674 cladem
268 635 378 672 ratus
410 633 585 683 indigere
619 633 783 671 consilio
816 632 993 681 pleniore
1026 631 1075 669 ad
1108 630 1304 680 quendam
1338 643 1440 669 com-

87 695 222 745 pertae
248 692 461 743 grauitatis
490 692 740 730 educatorem
767 704 899 730 senem
924 692 1106 741 protinus
1132 691 1264 728 refert.
1316 687 1441 740 ne<c>

87 753 299 802 quicquam
338 752 495 790 diutina
533 752 817 790 deliberatione
855 753 939 789 tam
971 750 1127 789 salubre
1159 750 1289 787 uisum
1322 761 1441 798 quam

86 814 180 863 fuga
229 812 347 850 celeri
390 812 604 861 procellam
648 812 831 849 fortunae
876 809 1088 848 saeuientis
1133 809 1310 847 euadere.
1374 808 1441 846 sed

87 872 298 921 impatiens
349 872 413 909 uel
463 871 626 921 exiguae
678 870 882 908 dilationis
931 870 1075 907 mulier
1124 869 1215 907 ficta
1263 868 1442 917 qualibet

88 943 206 970 causa
237 931 443 969 confestim
476 932 621 969 marito
652 930 763 968 miris
796 930 1009 979 persuadet
1039 928 1190 968 artibus
1217 928 1267 966 ad
1292 929 1441 977 longis-

87 991 181 1030 sime
214 990 373 1028 dissitas
405 990 593 1028 festinare
625 990 798 1027 uillulas.
851 1002 930 1038 quo
962 989 1069 1027 facto
1101 990 1325 1026 maturatae
1358 989 1442 1037 spei

86 1051 275 1088 uaesania
306 1062 493 1099 praeceps
523 1050 740 1099 promissae
766 1049 946 1086 libidinis
972 1049 1129 1099 flagitat
1154 1047 1440 1086 uadimonium.

88 1109 154 1148 sed
178 1109 345 1158 iuuenis,
377 1109 492 1147 modo
519 1109 628 1147 istud
654 1109 770 1147 modo
798 1108 906 1147 aliud
934 1120 1075 1146 causae
1101 1108 1262 1155 faciens,
1288 1119 1441 1144 execra-

87 1169 206 1208 bilem
243 1170 459 1207 frustratur
495 1170 578 1207 eius
612 1171 884 1218 conspectum,
923 1167 1053 1217 quoad
1085 1167 1173 1217 illa,
1211 1168 1440 1204 nuntiorum

88 1230 282 1267 uarietate
325 1228 657 1278 pollicitationem
702 1228 778 1266 sibi
821 1228 1059 1278 denegatam
1103 1227 1314 1264 manifesto
1356 1239 1442 1274 per-

89 1289 273 1338 spiciens,
317 1288 540 1326 mobilitate
585 1289 738 1326 lubrica
783 1287 979 1325 nefarium
1023 1300 1198 1325 amorem
1237 1286 1286 1324 ad
1324 1286 1440 1335 longe
1463 1297 1477 1319 2

89 1348 260 1386 deterius
285 1348 557 1386 transtulisset
577 1347 724 1385 odium.
758 1350 797 1385 et
818 1347 1029 1396 adsumpto
1050 1348 1185 1385 statim
1201 1346 1442 1395 nequissimo

89 1408 127 1445 et
170 1407 220 1444 ad
264 1420 377 1445 omne
416 1408 568 1445 facinus
607 1408 856 1456 emancipato
896 1407 1068 1456 quodam
1106 1400 1244 1459 doltali
1282 1405 1442 1443 seruulo

88 1465 274 1516 perfidiae
311 1479 405 1505 suae
437 1467 603 1505 consilia
634 1467 916 1515 communicat3
954 1479 1025 1504 nec
1057 1465 1270 1515 quicquam
1302 1465 1441 1502 melius

89 1525 247 1564 uidetur
279 1539 397 1575 quam
424 1528 511 1565 uita
537 1528 723 1564 miserum
749 1527 909 1576 priuare
935 1527 1130 1564 iuuenem.
1182 1537 1275 1575 ergo
1300 1525 1442 1562 missus

89 1587 276 1624 continuo
316 1586 477 1624 furcifer
508 1599 703 1624 uenenum
734 1587 1054 1635 praesentarium
1086 1586 1293 1634 comparat
1323 1583 1442 1633 idque
1463 1593 1476 1617 ‘2

88 1646 181 1684 uino
213 1645 426 1696 diligenter
457 1646 626 1683 dilutum
659 1647 827 1684 insontis
859 1645 1036 1695 priuigni
1068 1645 1284 1694 praeparat
1309 1644 1439 1681 exitio.

89 1717 134 1743 ac
165 1704 257 1742 dum
289 1705 335 1742 de
365 1705 578 1743 oblationis
605 1706 905 1755 opportunitate
932 1718 1063 1743 seeum
1088 1704 1196 1742 noxii
1222 1703 1443 1741 deliberant

88 1764 275 1814 homines,
307 1765 408 1803 forte
440 1765 600 1803 fortuna
632 1778 729 1814 puer
759 1765 827 1803 ille
859 1766 1002 1813 iunior,
1034 1765 1218 1814 proprius
1250 1765 1443 1813 pessimae

96 1925 272 1971 Weyman
291 1925 395 1961 stud.
411 1929 485 1961 358
505 1927 601 1962 Zeno
621 1927 747 1962 Veron.
771 1928 879 1962 1125
896 1938 934 1972 Ρ.
947 1929 1044 1962 ,222.·
1063 1936 1182 1971 paene
1208 1937 1275 1970 pro
1302 1925 1442 1960 infecto

88 1972 249 2009 habetur
274 1974 372 2017 quod
399 1985 472 2008 non
499 1974 717 2009 diffamatur

184 2021 212 2055 F
227 2022 323 2056 1721&
351 2036 377 2066 φ
393 2022 468 2057 63²³.
565 2029 584 2056 3
610 2022 865 2067 exasperandi}
891 2023 945 2066 (φ)
970 2033 1015 2056 sc.
1039 2023 1174 2056 malum
1194 2021 1298 2083 -dam
1318 2033 1339 2056 v
1359 2025 1443 2055 aute

92 2092 175 2128 Colv
270 2099 289 2126 4
314 2092 490 2127 leniendfi
517 2095 571 2139 (φ)
598 2094 702 2128 -dam
728 2105 748 2129 v
774 2098 858 2129 ante
880 2093 964 2129 Colo
1060 2084 1258 2138 pelliceret
1282 2104 1346 2127 em.
1367 2107 1394 2137 φ

91 2146 106 2173 7
134 2139 267 2183 statiq3
295 2142 348 2184 (q3
375 2141 416 2175 in
441 2153 535 2184 ras.;
560 2142 722 2177 voluerat
746 2142 899 2177 scribere
925 2142 1010 2187 que)
1143 2147 1161 2174 8
1188 2141 1231 2176 et
1256 2141 1304 2175 al.
1330 2152 1376 2175 m.
1402 2141 1443 2174 in

89 2198 162 2241 ras:
187 2189 342 2231 maiore,
373 2189 414 2223 in
446 2200 519 2233 qua
550 2194 708 2225 extrema
733 2200 824 2224 eras.
852 2191 874 2223 a
937 2203 981 2233 φε
1004 2188 1081 2224 etia
1107 2189 1168 2233 (αἶ.
1195 2200 1240 2223 m.
1266 2199 1442 2232 superscr.

89 2241 180 2292 ma)
231 2248 269 2281 et
292 2248 371 2281 tam
397 2248 486 2283 Prie
510 2249 555 2293 cf.
581 2251 666 2291 23‚9
693 2251 801 2292 79,19
827 2250 935 2291 154‚2
959 2250 1095 2291 242,12
1212 2254 1250 2280 ιο
1278 2246 1440 2293 amum>

91 2316 215 2340 senem
241 2306 346 2341 2¹(le
442 2318 488 2341 ne
515 2310 568 2353 (φ,
594 2319 639 2342 m.
665 2319 732 2343 rec.
760 2308 845 2343 add.
873 2302 901 2353 ο)

1451 117 1473 140 la*

1460 283 1508 307 184

1477 402 1491 427 5

1463 700 1494 724 10

1464 997 1494 1022 15

1467 1709 1489 1744 ι’(
