1657 2526
190 121 278 163 286
359 121 539 157 APVLEI
565 121 1039 158 METAMORPHOSEON
1066 120 1153 158 LIB.
1176 122 1237 165 XI,
1263 126 1319 158 2⁵4.
1347 127 1393 157 25

117 195 282 271 ona-inde
314 236 447 285 gripes
480 231 818 285 <H>yperborei‚
857 247 956 283 quos
986 236 1029 273 in
1062 235 1232 283 speeiem
1264 236 1454 284 pinnatae
1489 236 1559 273 ali-
1582 196 1610 222 Ε

189 293 241 331 tis
280 295 448 344 generat
484 294 657 332 mundus
697 294 808 332 alter.
872 295 975 332 hanc
1007 291 1283 343 Olympiacam
1322 294 1468 332 stolam
1500 307 1561 333 sa-

116 361 170 385 8‘15
190 352 293 391 crati
343 355 588 401 nuncupant.
665 355 704 390 at
753 366 873 391 manu
931 353 1091 391 dextera
1148 352 1334 402 gerebam
1390 353 1561 392 flammis

190 411 370 450 adultam
403 412 532 450 facem
572 414 612 449 et
650 415 775 461 caput
812 411 952 451 decore
990 424 1136 450 corona
1180 413 1357 450 cinxerat
1403 413 1561 460 palmae

153 484 168 509 5
189 470 384 509 candidae
429 471 538 509 foliis
582 471 622 508 in
669 471 833 510 modum
876 471 1082 509 radiorum
1120 469 1441 520 prosistentibus.
1502 473 1562 509 sic
1643 443 1647 520 ἔ

189 529 242 568 ad
272 531 402 568 instar
429 529 534 568 Solis
566 532 757 569 exornato
782 527 899 580 m<c>
927 535 965 568 et
998 530 1038 568 in
1072 530 1199 568 uicem
1234 531 1437 568 simulacri
1471 542 1560 568 con·
1642 527 1646 575 ἱ

189 590 345 637 stituto‚
366 591 529 637 repente
549 589 651 627 uelis
679 589 867 637 reductis,
892 590 933 626 in
962 591 1165 639 aspectum
1192 590 1364 639 populus
1391 589 1560 628 errabat.

114 657 169 682 ⁸0⁶·
190 648 331 686 exhinc
363 648 625 689 festissimum
658 647 857 686 celebraui
890 648 1066 686 natalem
1098 660 1316 696 sacrorum,
1348 650 1387 686 et
1419 661 1561 687 suaues

189 707 330 757 epulae
363 709 404 746 et
435 709 567 746 faceta
599 707 795 745 conuiuia.
860 707 944 745 dies
978 709 1097 746 etiam
1141 708 1284 746 tertius
1316 709 1406 756 pari
1438 708 1559 746 caeri-

135 780 169 806 ιο
188 768 413 805 monimum
466 768 549 804 ritu
600 766 823 805 celebratus
868 770 908 804 et
951 766 1196 806 ientaculum
1244 767 1476 816 religiosum
1522 769 1563 805 et

187 825 335 865 teletae
369 826 550 877 legitima
582 827 885 865 consummatio.
930 827 1070 876 paucis
1102 826 1245 865 dehinc
1276 826 1423 865 ibidem
1456 838 1561 864 com·
1579 835 1633 862 221

187 887 368 923 moratus
420 884 559 924 diebus
610 885 885 934 inexplicabili
929 886 1137 935 uoluptate
1182 886 1389 924 simulacri
1432 885 1562 924 diuini

188 944 435 994 perfruebar,
461 945 791 984 inremunerabili
818 946 967 995 quippe
993 943 1184 983 beneficio
1210 945 1456 995 pigneratus.
1492 944 1561 983 sed

187 1003 351 1042 tandem
396 1003 493 1041 deae
537 1005 713 1052 monitu,
757 1004 853 1043 licet
895 1016 974 1042 non
1017 1004 1149 1053 plene,
1187 1006 1323 1043 tamen
1361 1016 1433 1055 pro
1471 1016 1561 1043 meo

134 1077 167 1102 15
187 1062 352 1101 modulo
385 1063 593 1113 supplicue
620 1065 746 1113 gratis
773 1061 999 1112 persolutis,
1032 1064 1190 1101 tardam
1220 1063 1318 1102 satis
1345 1062 1562 1102 domuitio-

186 1134 278 1160 nem
310 1134 513 1172 compai·0‚
543 1124 612 1160 uix
644 1121 828 1173 equidem
862 1123 1044 1173 abruptis
1077 1122 1347 1161 ardentissimi
1374 1122 1562 1162 desiderii

186 1182 433 1220 retinaculis.
509 1182 749 1231 prouolutus
801 1182 974 1232 denique
1022 1184 1114 1221 ante
1159 1184 1412 1231 conspectum
1463 1181 1561 1220 deae

188 1242 228 1279 et
260 1241 362 1278 facie
395 1254 484 1279 mea
517 1240 585 1279 diu
619 1241 785 1279 detersis
818 1242 1002 1293 uestigiis
1041 1242 1145 1289 eius,
1186 1241 1363 1279 lacrimis
1396 1239 1560 1290 obortis,
1636 1255 1639 1277 ι

187 1300 369 1351 singultu
390 1300 526 1338 crebro
548 1313 768 1339 sermonem
789 1300 1033 1340 interficiens
1054 1303 1095 1339 et
1119 1301 1243 1339 uerba
1262 1300 1456 1340 deuorans
1477 1301 1560 1339 aio:
1636 1326 1639 1351 3

115 1360 165 1396 25
280 1356 356 1397 ‘Tu
389 1360 563 1408 quidem,
597 1363 735 1398 sancta
762 1362 802 1398 et
833 1360 999 1398 humani
1029 1361 1186 1410 generis
1213 1359 1448 1409 sospitatrix
1473 1372 1560 1409 per·
1636 1367 1639 1446 ι

133 1434 164 1459 21
188 1421 322 1469 petua,
355 1432 511 1467 semper
542 1419 726 1458 fouendis
754 1419 992 1458 mortalibus
1021 1415 1026 1470 Ι
1055 1419 1257 1468 munifica,
1289 1419 1445 1457 dulcem
1476 1431 1559 1456 ma—

186 1480 261 1517 tris
295 1478 560 1517 adfectionem
594 1481 831 1517 miserorum
864 1479 1021 1517 casibus
1052 1478 1209 1517 tribuis.
1270 1490 1341 1516 nec
1372 1478 1456 1517 dies
1488 1491 1562 1517 nec

113 1546 167 1572 5:07
188 1538 301 1587 quies
335 1538 419 1575 ulla
453 1551 499 1575 ac
531 1551 580 1576 ne
612 1541 859 1577 momentum
893 1538 1054 1587 quidem
1086 1533 1326 1592 tenuelsstuis
1358 1542 1560 1576 transcur-

186 1598 242 1635 rit
271 1596 473 1637 beneficiis
507 1598 699 1645 otiosum,
732 1600 828 1647 quin
862 1599 964 1636 mari
995 1600 1182 1646 terraque
1214 1599 1401 1648 protegas
1433 1597 1558 1635 homi-

132 1670 166 1696 25
187 1669 256 1695 nes
295 1659 336 1695 et
373 1656 552 1706 depulsis
584 1658 694 1696 uitae
726 1657 914 1707 procellis
948 1657 1166 1695 salutarem
1204 1656 1386 1706 porrigas
1425 1656 1559 1695 dexte-

185 1729 285 1763 ram,
319 1728 401 1766 qua
433 1716 610 1754 fatorum
642 1717 765 1755 etiam
798 1716 1132 1755 inextricabiliter
1157 1718 1336 1754 contorta
1365 1717 1560 1753 retractas

185 1775 281 1813 licia
319 1777 359 1814 et
391 1774 592 1813 Fortunae
618 1777 878 1825 tempestates
912 1777 1076 1826 mitigas
1110 1776 1150 1812 et
1182 1775 1387 1813 stellarum
1421 1776 1560 1813 noxios

186 1837 342 1872 meatus
386 1834 556 1873 cohibes.
619 1838 661 1874 te
705 1837 841 1885 superi
885 1836 1040 1882 colunt‚
1086 1833 1301 1873 obseruant
1338 1834 1474 1882 inferi,
1514 1836 1561 1871 tu

186 1897 295 1932 rotas
329 1894 482 1940 orbem,
522 1895 696 1932 luminas
729 1894 870 1942 solem,
909 1894 1014 1946 regis
1048 1894 1262 1940 mundum,
1301 1893 1431 1932 calcas
1463 1893 1560 1930 Tar-

132 1968 166 1992 so
186 1955 333 1991 tarum.
397 1953 474 1992 tibi
504 1953 747 2003 respondent
779 1954 928 2002 sidera,
960 1953 1129 1992 redeunt
1159 1955 1353 2002 tempora,
1385 1952 1562 2004 gaudent

283 2065 311 2099 F
335 2066 456 2101 183⁸b.
484 2079 512 2109 φ
535 2067 608 2101 72”.
718 2072 735 2101 1
765 2067 892 2112 gripes
912 2065 1070 2111 ypborei
1097 2068 1155 2110 (φ)
1253 2065 1430 2111 pinnatos
1456 2063 1561 2099 alitis

188 2113 315 2148 Rohde
410 2118 429 2147 2
442 2113 611 2159 clipiaca
626 2116 683 2158 (tp.-
700 2113 906 2149 Osiriacam
924 2115 1060 2150 Kai'bel
1073 2115 1257 2156 f'ortmeeee
1355 2117 1376 2146 3
1392 2112 1439 2146 ad
1453 2114 1511 2156 (φ)

187 2174 231 2205 φ;
260 2164 374 2196 manu
403 2161 560 2196 dextera
750 2165 770 2195 6
798 2164 979 2195 exornato
1007 2163 1043 2205 (o
1070 2162 1111 2195 in
1136 2172 1210 2196 raS.
1235 2165 1278 2196 ut
1301 2161 1377 2196 vid.
1403 2171 1448 2195 ca·
1472 2161 1511 2205 fi)

186 2246 232 2277 φτ
260 2232 444 2267 exornatfi
496 2235 677 2266 exornato
703 2243 763 2268 me
789 2232 1011 2268 Sekia-hermi
1170 2235 1187 2266 7
1217 2217 1348 2267 eiabat
1374 2233 1451 2275 (em.
1479 2228 1557 2265 ead,

185 2281 246 2324 m.)
359 2283 380 2314 8
407 2290 556 2315 sacrum
584 2280 711 2315 Rohcle
825 2283 866 2313 12
896 2280 1113 2326 (aspectu)
1141 2279 1334 2314 simulacri
1358 2278 1406 2314 vd
1416 2277 1465 2312 Vl

188 2331 231 2361 15
258 2326 380 2372 gratis
402 2328 460 2371 (φ)
486 2338 531 2362 ew
554 2329 572 2361 t
597 2328 645 2362 αἶ.
674 2339 718 2362 m.
746 2338 838 2364 corr.
865 2328 892 2361 ti
922 2328 968 2370 cf.
991 2330 1122 2369 199‚15
1265 2330 1310 2361 30
1335 2324 1562 2370 respondent

185 2376 242 2419 (φ)
267 2373 512 2419 resplendent
537 2374 665 2410 Rohde

1632 2145 1643 2526 :r—*Q*-
1634 2120 1636 2130 -
1634 1944 1637 2110 --·-
1635 1926 1637 1932 -
