1611 2516
8 140 67 166 Οιιά

237 64 411 100 APVLEI
436 62 904 99 METAMORPHOSEON
930 62 1016 97 LIB.
1036 62 1096 106 ΙΙΙ,
1124 66 1261 98 25—27
1368 67 1418 109 71

69 159 74 164 .
1435 139 1461 163 E

76 179 346 217 demorsicatis
391 177 513 216 exibis
559 177 711 214 asinum
756 176 970 225 statimque
1011 175 1051 212 in
1089 188 1220 213 meum
1258 175 1423 214 Lucium

75 238 318 289 postliminio
356 236 511 276 redibis.
562 238 679 285 atque
717 235 870 273 utinam
906 235 1061 284 uesperi
1092 235 1138 272 de
1170 247 1279 273 more
1310 235 1422 274 nobis

75 310 276 349 parassem
314 296 479 335 corollas
511 295 683 345 aliquas,
719 308 767 333 ne
799 307 951 333 moram
982 294 1103 332 talem
1134 295 1327 344 patereris
1360 296 1424 333 uel

5 366 58 392 222
76 357 201 396 noctis
239 357 372 394 unius.
434 355 501 394 sed
539 356 667 405 primo
706 354 879 392 diluculo
918 354 1133 392 remedium
1171 354 1424 392 festinabitur

5 784 56 809 22³*

0 1374 57 1406 '224

7 1798 58 1823 225

74 414 174 455 tibi.’
1461 423 1476 448 5

165 475 229 514 Sic
258 475 330 513 illa
361 474 579 524 maerebat,
618 487 689 524 ego
721 486 814 512 uero
848 486 1088 523 quamquam
1120 474 1316 522 perfectus
1349 474 1422 512 asi·
1444 481 1493 515 26

74 549 148 575 nus
192 537 231 574 et
274 547 344 585 pro
389 533 511 573 Lucio
554 535 774 572 iumentum
818 546 976 572 sensum
1019 535 1152 570 tamen
1192 526 1423 585 retineffibam

73 597 300 634 humanum.
350 593 417 632 diu
449 594 616 643 denique
642 606 687 631 ac
713 593 881 631 multum
907 604 1059 631 mecum
1084 592 1168 642 ipse
1194 592 1424 640 deliberani,

75 668 125 694 an
156 654 438 705 nequissimam
462 653 911 702 facinerosissimamque
937 652 1049 690 illam
1075 653 1262 690 feminam
1289 652 1424 702 spissis

75 714 248 754 calcibus
297 713 440 751 feriens
491 715 529 752 et
577 713 773 751 mordicus
818 713 1006 762 adpetens
1050 724 1188 750 necare
1231 711 1424 749 deberem.
1444 721 1478 747 10

75 775 142 813 sed
181 774 230 812 ab
267 773 425 822 incepto
463 773 673 811 temerario
710 773 851 811 melior
888 785 950 809 me
982 771 1178 809 sententia
1209 772 1425 820 reuocauit,

75 847 122 872 ne
160 835 286 872 morte
324 832 494 871 multata
524 832 666 871 Fotide
701 832 894 870 salutares
926 831 1025 870 mihi
1055 832 1257 881 suppetias
1289 843 1424 869 rursus

74 894 353 944 extinguerem.
416 892 567 930 deiecto
610 892 747 942 itaque
792 894 831 930 et
869 891 1073 940 quassanti
1111 892 1240 940 capite
1279 903 1324 928 ac
1360 889 1424 928 de-

73 955 248 992 mussata
292 952 503 1001 temporali
547 952 786 990 contumelia
830 951 1038 989 durissimo
1077 950 1185 989 casui
1222 963 1308 988 meo
1347 962 1424 988 ser-

74 1014 184 1052 viens
229 1012 278 1050 ad
323 1024 465 1061 equum
508 1012 622 1049 illum
666 1013 864 1050 uectorem
900 1023 1031 1048 meum
1067 1009 1346 1060 probissimum
1383 1009 1425 1047 in
1445 1018 1478 1044 15

75 1072 277 1111 stabulum
309 1071 489 1122 concedo,
520 1071 587 1108 ubi
622 1071 745 1109 alium
778 1071 897 1109 etiam
925 1070 1086 1109 Milonis
1113 1069 1312 1119 quondam
1336 1069 1424 1107 hos-
1444 1080 1478 1104 54

73 1131 170 1182 pitis
213 1132 291 1170 mei
329 1130 483 1169 asinum
520 1131 789 1170 stabulantem
826 1130 971 1168 inueni.
1033 1132 1152 1180 atque
1190 1142 1262 1180 ego
1299 1128 1425 1177 rebar,

75 1192 108 1230 si
140 1191 247 1241 quod
278 1192 424 1229 inesset
455 1192 576 1229 mutis
609 1190 847 1228 animalibus
879 1191 1048 1229 tacitum
1080 1202 1124 1227 ac
1156 1189 1337 1227 naturale
1364 1201 1423 1227 sa-

76 1253 336 1299 cramentum,
365 1246 370 1304 1
399 1251 601 1301 agnitione
642 1263 686 1288 ac
723 1250 974 1288 miseratione
1014 1249 1183 1299 quadam
1220 1248 1426 1287 inductum

77 1325 221 1361 equum
252 1310 365 1348 illum
398 1323 526 1348 meum
555 1309 772 1360 hospitium
800 1322 845 1348 ac
870 1310 957 1348 loca
982 1306 1165 1360 laut<i>a
1190 1308 1288 1346 mihi
1313 1321 1424 1357 prae·
1445 1319 1479 1344 20

75 1371 262 1409 biturum.
333 1370 401 1409 sed
444 1383 516 1419 pro
560 1369 741 1419 Iuppiter
783 1368 993 1419 hospitalis
1038 1371 1077 1406 et
1120 1368 1231 1406 Fidei
1276 1370 1426 1406 secreta

76 1430 257 1468 numina!
319 1429 543 1480 praeclarus
587 1429 655 1467 ille
698 1431 835 1468 uector
871 1441 979 1467 meus
1018 1441 1104 1467 cum
1144 1429 1255 1466 asino
1294 1428 1427 1477 capita

77 1491 286 1528 conferunt
333 1490 375 1527 in
425 1502 633 1538 meamque
683 1489 896 1539 perniciem
945 1489 1037 1527 ilico
1088 1487 1339 1526 consentiunt
1388 1489 1427 1525 et

76 1551 257 1588 uerentes
307 1548 458 1588 scilicet
502 1548 660 1586 cibariis
705 1549 784 1586 suis
827 1548 895 1586 uix
939 1561 1000 1586 me
1043 1549 1249 1598 praesepio
1292 1546 1426 1585 uidere

77 1609 383 1660 proximantem:
428 1608 589 1647 deiectis
627 1607 787 1647 auribus
825 1609 905 1646 iam
942 1609 1117 1646 furentes
1155 1607 1311 1645 infestis
1350 1608 1426 1645 cal·
1447 1617 1480 1643 ‘25

78 1669 187 1708 cibus
217 1669 459 1708 insecuntur.
519 1670 559 1706 et
590 1667 730 1718 abigor
761 1681 879 1717 quam
910 1668 1047 1718 procul
1080 1666 1128 1705 ab
1162 1666 1290 1715 ordeo,
1323 1666 1428 1716 quod

79 1729 335 1779 adposueram
362 1728 518 1778 uesperi
542 1728 639 1766 meis
666 1728 848 1766 manibus
873 1727 934 1765 illi
961 1723 1244 1778 g<r>atissimo
1264 1727 1426 1765 famulo.

78 1788 132 1827 sic
159 1788 334 1826 adfectus
367 1789 486 1837 atque
517 1788 558 1825 in
590 1788 842 1826 solitudinem
874 1788 1072 1838 relegatus
1106 1786 1253 1837 angulo
1280 1785 1429 1825 stabuli
1449 1794 1495 1829 27

78 1860 354 1886 concesseram.
417 1848 588 1897 dumque
632 1847 678 1885 de
722 1847 934 1886 insolentia
973 1847 1214 1897 collegarum
1250 1859 1429 1885 meorum

173 1998 200 2032 F
223 1997 308 2032 137b
324 2001 419 2032 138⁸.
446 2011 472 2042 φ
495 2001 566 2032 35⁸.
711 2004 727 2031 1
753 1995 1011 2032 demorsicatis
1037 1997 1081 2041 cf.
1110 1998 1194 2039 33‚7
1220 1999 1305 2039 43,8

80 2051 97 2079 8
122 2047 167 2090 cf.
193 2045 302 2081 Hom.
332 2045 396 2081 Od.
424 2046 489 2081 IX
499 2048 653 2090 299sqq.
798 2052 834 2079 12
858 2056 1009 2090 prorsus
1035 2045 1148 2090 Beyte
1292 2051 1328 2078 16
1355 2043 1432 2078 aliti

79 2094 134 2138 (φ)
169 2104 194 2127 u
225 2094 266 2128 in
296 2104 369 2130 ras.
395 2094 520 2138 scrips.
547 2094 595 2128 al.
621 2104 685 2136 m.,
716 2093 778 2128 sed
809 2093 876 2128 litt.
903 2104 1010 2128 erasa
1042 2096 1149 2127 antea
1181 2092 1334 2127 inducta
1364 2096 1432 2127 aut

81 2140 271 2176 emendata
297 2146 374 2177 erat
517 2148 551 2175 17
579 2141 652 2175 mei
678 2142 734 2186 (φ)
755 2144 839 2186 post
864 2140 877 2174 i
903 2152 993 2176 eras.
1021 2139 1038 2173 s
1178 2146 1217 2173 20
1242 2139 1347 2174 lauta
1373 2141 1429 2184 (φ)

81 2200 143 2223 em.
163 2200 194 2223 v.
215 2189 260 2233 cf.
280 2191 389 2231 211,2
485 2195 521 2222 21
540 2190 581 2223 in
600 2200 668 2235 my.
686 2200 731 2223 m.
746 2192 830 2224 vet„-
849 2188 878 2222 &
898 2187 990 2222 fides
999 2187 1028 2222 Sc
1043 2188 1187 2221 secreta
1284 2190 1430 2222 sacrata

82 2236 205 2271 Brant
330 2243 367 2270 24
394 2236 472 2282 uix]
499 2237 541 2270 ut
567 2248 587 2271 v
708 2243 745 2270 25
770 2235 919 2270 reiectis
949 2236 1030 2271 Oud
1056 2235 1167 2270 Λούκ.
1197 2238 1259 2270 15.·
1284 2235 1329 2269 τὰ
1356 2231 1430 2269 ὦτα

81 2280 368 2324 κατακλίναντες
441 2283 535 2330 (et)
557 2283 711 2319 deiectis
734 2284 856 2320 Wasse
875 2284 919 2327 cf.
935 2286 1028 2326 44,4,
1047 2282 1109 2318 sed
1128 2285 1236 2325 81,14
1255 2285 1382 2326 124,11

82 2337 118 2364 27
145 2330 391 2376 illigatissimo
417 2332 473 2376 (φ)
501 2342 562 2366 em.
590 2343 610 2366 v
