1657 2526
207 68 292 110 218
350 67 526 101 APVLEI
551 67 1016 102 METAMORPHOSEON
1036 68 1122 102 LIB.
1144 68 1255 103 V1111.
1283 72 1337 103 20.
1366 73 1407 103 21

136 141 204 164 (md.

134 189 186 212 631
206 178 291 216 dira
318 180 580 217 comminatur
604 179 791 228 Myrmeci
817 180 1022 229 supplicia.
1062 182 1104 218 at
1129 181 1196 218 ille
1222 182 1427 230 repentino
1449 182 1552 220 malo

205 238 459 288 perturbatus
504 241 544 276 et
586 240 729 277 misera
771 239 1034 288 trepidatione
1080 239 1129 277 ad
1178 241 1355 289 inopiam
1399 241 1552 279 consilii

206 297 413 347 deductus,
458 298 563 347 quod
607 299 734 337 solum
778 300 956 347 poterat,
1000 301 1213 337 nocturnas
1256 299 1436 338 tenebras
1478 301 1553 338 sibi
1573 293 1624 334 167

207 358 446 395 causabatur
484 357 690 406 obsistere,
741 357 837 407 quin
886 359 1038 396 clauem
1089 359 1238 397 curiose
1282 358 1552 397 absconditam

171 426 185 451 5
206 418 433 466 repperiret.
490 417 688 454 interdum
714 417 998 456 Philesitherus
1026 417 1182 468 cognito
1210 418 1381 469 strepitu
1406 418 1552 468 raptim

127 1376 179 1401 633

144 1614 176 1639 25

206 476 360 514 tunicas
386 476 567 524 iniectus,
593 476 661 514 sed
685 478 802 525 plane
828 490 923 526 prae
948 476 1176 515 turbatione
1203 477 1368 526 pedibus
1394 477 1552 516 intectis

206 536 403 584 procurrit
441 535 630 574 cubiculo.
693 538 787 573 tunc
824 536 1001 585 Myrmex
1039 536 1199 574 tandem
1238 537 1347 574 clauc
1386 537 1553 586 pessulis

207 595 382 632 subiecta
413 595 598 643 repandit
628 595 731 634 fores
770 597 809 633 et
839 596 980 645 recipit
1012 597 1129 633 etiam
1162 598 1256 634 tunc
1288 597 1404 634 fidem
1437 596 1552 634 deum

205 654 390 692 boantem
422 654 624 692 dominum
657 667 782 704 eoque
813 668 979 704 propere
1012 655 1237 693 cubiculum
1262 657 1420 704 petente
1447 656 1551 693 clan-

155 725 184 747 32
204 713 356 751 destino
395 715 623 752 transcursu
661 713 831 752 dimittit
868 714 1182 752 Philesitherum.
1247 728 1324 763 quo
1362 716 1441 752 iam
1480 728 1552 764 pro

203 773 338 811 limine
379 773 547 811 liberato
588 786 746 812 securus
787 775 850 812 sui
888 775 1022 812 clausa
1061 774 1176 813 domo
1208 787 1364 812 rursum
1396 787 1435 812 se
1467 775 1551 812 red-

202 832 304 870 didit
335 832 474 882 quieti.

293 892 369 929 Sed
413 892 508 929 dum
549 918 552 945 1
593 893 722 941 prima
766 892 852 930 luce
896 892 1095 932 Barbarus
1138 893 1316 942 procedit
1360 893 1551 941 cubiculo,

200 951 311 989 uidet
348 951 419 989 sub
458 951 604 989 lectulo
643 953 768 990 soleas
800 951 1039 1002 incognitas,
1073 952 1215 1001 quibus
1246 953 1429 990 inductus
1461 952 1549 990 Phi-

167 1020 181 1045 5
202 1011 410 1049 lesitherus
450 1011 672 1060 inrepserat
712 1012 982 1060 suspectisque
1023 1023 1045 1049 e
1087 1025 1129 1050 re
1169 1014 1265 1050 nata
1305 1024 1405 1061 quae
1438 1013 1551 1063 gesta

202 1072 309 1119 sunt,
349 1083 425 1109 non
458 1070 587 1119 uxori,
626 1083 704 1108 non
735 1071 809 1108 ulli
840 1071 1100 1109 familiarium
1132 1071 1305 1110 cordolio
1337 1072 1550 1120 patefacto,

200 1129 368 1168 sublatis
401 1130 449 1168 iis
483 1132 518 1167 et
554 1129 595 1167 in
632 1131 761 1168 sinum
799 1131 938 1168 furtim
970 1130 1223 1179 absconditis,
1254 1132 1359 1169 iusso
1391 1132 1550 1168 tantum

200 1189 391 1237 Myrmece
432 1202 503 1238 per
543 1201 750 1227 conserues
788 1191 921 1228 uincto
960 1191 1089 1228 forum
1120 1202 1258 1228 uersus
1289 1190 1458 1238 adtrahi,
1489 1192 1550 1228 ta-

201 1248 298 1287 citos
349 1261 482 1287 secum
531 1249 710 1299 mugitus
760 1250 908 1287 iterans
951 1249 1137 1299 rapidum
1180 1250 1319 1300 dirigit
1363 1262 1550 1300 gressum,

146 1317 160 1341 ‘2
200 1311 328 1346 certus
373 1309 570 1347 solearum
611 1308 757 1347 indicio
802 1310 1016 1359 uestigium
1044 1309 1213 1347 adulteri
1245 1321 1360 1358 posse
1393 1321 1432 1347 se
1463 1322 1550 1358 per-

199 1368 314 1406 facile
358 1368 554 1417 indipisci.
622 1368 689 1406 sed
739 1380 825 1406 ecce
875 1381 945 1417 per
992 1369 1167 1417 plateam
1216 1368 1308 1406 dum
1350 1368 1548 1407 Barbarus

198 1428 313 1465 uultu
354 1427 513 1478 turgido
558 1427 840 1477 subductisque
885 1429 1104 1477 superciliis
1148 1428 1296 1466 incedit
1338 1428 1464 1466 iratus
1504 1440 1548 1466 ac

198 1500 299 1536 pone
344 1500 433 1524 eum
463 1487 642 1536 Myrmex
685 1487 854 1525 uinculis
893 1487 1078 1536 obrutus,
1117 1500 1194 1526 non
1227 1487 1384 1536 quidem
1417 1499 1547 1525 coram

198 1559 322 1584 noxae
354 1547 583 1595 prehensus,
616 1547 854 1585 conscientia
886 1549 1019 1585 tamen
1050 1548 1222 1597 pessima
1247 1547 1465 1596 permixtus
1490 1547 1546 1584 la-

199 1606 330 1643 crimis
368 1606 556 1644 uberibus
596 1619 640 1644 ac
678 1606 886 1655 postremis
925 1605 1274 1645 lamentationibus
1305 1606 1547 1643 inefficacem

198 1667 419 1703 commouet
444 1666 754 1715 miserationem,
781 1667 1000 1716 opportune
1021 1665 1303 1704 Philesitherus
1330 1677 1546 1714 occurrens,

198 1737 427 1774 quanquam
465 1725 622 1763 diuerso
661 1725 834 1774 quodam
878 1725 1036 1776 negotio
1075 1725 1309 1773 destinatus,
1340 1725 1546 1774 repentina

196 1785 330 1822 tamen
362 1785 463 1822 facie
490 1785 703 1834 permotus,
736 1798 813 1823 non
846 1786 951 1823 enim
983 1785 1207 1835 deterritus,
1239 1784 1412 1822 recolens
1438 1783 1545 1822 festi-

196 1843 369 1881 nationis
403 1856 495 1882 suae
529 1844 717 1883 delictum
743 1839 754 1897 Η
780 1856 824 1882 ac
856 1846 986 1882 cetera
1015 1846 1299 1894 consequenter
1324 1843 1544 1893 suspicatus

290 2005 317 2038 F
340 2004 531 2040 16712168¹¹.
559 2019 585 2049 φ
608 2005 704 2039 59²b·
802 2012 817 2038 1
850 2004 1008 2040 mirmici
1113 2004 1198 2044 lofll
1230 2015 1295 2049 pro
1321 2004 1411 2050 lim.]
1445 2005 1546 2048 post-

195 2051 338 2086 liminio
358 2053 462 2087 vclVl
482 2051 678 2087 formidine
689 2052 763 2088 Leo
783 2053 974 2096 cf.279‚17
1058 2059 1092 2085 17
1115 2052 1142 2086 ii
1162 2051 1223 2087 sed
1244 2052 1300 2098 (φ)
1320 2053 1367 2087 al.
1388 2064 1432 2086 m.
1454 2063 1543 2087 corr.

195 2100 236 2133 in
261 2099 383 2134 effied
480 2099 570 2134 forti
593 2101 648 2144 (φ)
670 2112 732 2135 cm.
755 2112 784 2135 v.
883 2107 919 2134 18
939 2100 1104 2134 mirmice
1202 2099 1263 2134 fil'o
1285 2101 1339 2144 (φ)
1360 2111 1423 2134 em.
1444 2113 1471 2143 φ

195 2166 232 2192 24
261 2158 435 2203 phensu7
473 2161 512 2203 <7
545 2161 593 2194 al.
626 2171 671 2193 m.
708 2160 816 2202 add.;
852 2160 924 2195 vid.
951 2160 1041 2194 mihi
1072 2171 1095 2194 α
1123 2171 1185 2204 pr.
1211 2171 1256 2194 m.
1282 2160 1404 2203 script.
1432 2153 1483 2197 11²³)

195 2243 239 2273 ‹pz
265 2228 406 2274 'phenssi
432 2231 474 2264 in
499 2241 566 2275 my.
595 2215 613 2265 3
644 2230 848 2275 prehensus
969 2230 1158 2275 peruictus
1184 2230 1337 2266 Steweeh
1368 2229 1413 2272 cf.
1433 2232 1543 2271 233,3

193 2280 324 2320 271,11
422 2284 460 2311 29
486 2279 528 2311 ut
554 2279 609 2323 (φ)
636 2280 673 2312 et
692 2278 793 2313 Salm
819 2289 861 2313 ac
888 2279 945 2317 He
971 2279 1016 2325 cf.
1036 2280 1146 2322 22‚13
1172 2280 1255 2322 39‚6
1279 2279 1411 2321 210‚11
1432 2277 1479 2315 al.
1506 2278 1543 2314 et

195 2325 318 2362 cetera,
346 2324 415 2372 <ut
440 2325 572 2374 orant>
601 2326 647 2361 ml
658 2327 705 2364 Vl

1576 143 1601 168 E

1655 142 1657 160 Ι

1653 188 1657 209 ί
