1657 2526
325 108 500 143 APVLEI
526 107 996 142 METAMORPHOSEON
1021 108 1107 142 LIB.
1129 108 1172 151 V,
1200 112 1254 142 23.
1284 112 1327 142 24
1417 109 1497 149 121

79 184 146 209 Oud.
1523 180 1547 206 Ε

149 225 186 260 et
218 223 352 259 mariti
390 222 453 259 sui
492 222 658 258 miratur
690 233 812 267 arma,
854 220 1052 269 depromit
1083 233 1202 257 unam
1235 220 1281 256 de
1314 221 1500 268 pharetra

76 290 129 316 ³63
147 277 390 331 sagitta<m>
404 283 442 318 et
462 282 611 329 punctu
634 280 788 329 pollicis
810 282 1024 317 extremam
1045 280 1167 317 aciem
1182 279 1499 328 periclitabunda

146 341 350 378 trementis
384 339 504 377 etiam
530 351 633 377 nunc
660 339 819 376 articuli
849 339 937 376 nisu
968 340 1131 376 fortiore
1163 340 1336 388 pupugit
1368 339 1500 386 altius,

146 402 193 437 ut
224 412 293 448 per
319 412 512 437 summam
539 401 667 436 cutem
692 398 916 436 rorauerint
940 399 1132 446 paruulae
1165 398 1369 447 sanguinis
1397 400 1500 436 rosei
1521 407 1556 430 ⁹2

146 461 293 509 guttae.
357 460 412 496 sic
443 460 583 508 ignara
615 457 765 507 Psyche
792 459 930 507 sponte
962 459 1003 495 in
1030 458 1187 495 Amoris
1221 457 1362 495 incidit
1394 470 1499 494 amo·
1539 470 1554 495 5

145 531 237 556 rem.
307 520 401 555 tunc
438 517 565 568 magis
604 518 809 567 magisque
848 517 1031 566 cupidine
1069 517 1247 567 fraglans
1281 515 1500 565 Cupidinis,

145 590 269 627 prona
307 577 346 614 in
386 591 473 615 eum
512 577 690 614 efflictim
728 577 903 623 inhians,
947 577 1095 625 patulis
1140 589 1184 613 ac
1229 575 1500 625 petulantibus

145 638 267 675 sauiis
311 638 547 674 festinanter
588 637 754 686 ingestis
796 636 842 674 de
887 638 1014 674 somni
1058 648 1244 673 mensura
1287 635 1498 673 metuebat.

145 696 213 734 sed
239 697 333 734 dum
359 697 460 734 bono
487 697 600 734 tanto
633 696 783 744 percita
810 697 944 733 saucia
970 699 1100 733 mente
1126 695 1306 742 fluctuat,
1338 695 1498 733 lucerna

144 756 215 793 illa
253 757 334 793 siue
376 755 540 805 perfidia
577 756 749 804 pessima
793 755 877 793 siue
918 755 1072 792 inuidia
1115 756 1232 792 noxia
1271 755 1356 792 siue
1396 754 1498 803 quod
1522 768 1555 792 10

144 816 224 853 tale
257 828 397 864 corpus
431 816 657 865 contingere
690 819 728 852 et
760 816 877 863 quasi
908 815 1062 852 basiare
1102 818 1140 852 et
1172 815 1259 863 ipsa
1292 814 1499 864 gestiebat,

145 876 321 912 euomuit
352 875 399 912 de
426 887 580 912 summa
606 874 766 911 luminis
794 875 853 912 sui
881 875 1031 912 stillam
1063 874 1252 911 fei-uentis
1281 874 1358 911 olei
1385 886 1501 922 super

144 947 322 972 umerum
356 934 418 971 dei
456 935 669 971 dexterum.
732 934 821 971 hem
861 934 989 971 audax
1028 936 1067 971 et
1099 934 1309 971 temeraria
1340 934 1500 970 lucerna

145 996 183 1032 et
203 995 348 1031 amoris
375 994 453 1031 uile
474 994 752 1041 ministerium,
777 995 909 1041 ipsum
929 993 1034 1042 ignis
1060 994 1184 1031 totius
1211 992 1327 1030 deum
1354 992 1499 1039 aduris,

144 1066 233 1091 cum
265 1056 303 1090 te
336 1053 486 1091 scilicet
518 1056 673 1091 amator
697 1049 709 1103 ΙΙ
735 1053 891 1101 aliquis,
934 1054 980 1090 ut
1012 1053 1161 1090 diutius
1200 1053 1344 1100 cupitis
1378 1053 1498 1089 etiam
1521 1064 1553 1090 15

144 1115 257 1150 nocte
290 1114 497 1161 potiretur,
530 1113 680 1162 primus
706 1113 913 1150 inuenerit.
971 1112 1026 1149 sic
1051 1113 1206 1150 inustus
1239 1112 1379 1149 exiluit
1404 1111 1499 1149 deus

143 1173 308 1220 uisaque
350 1172 526 1210 detectae
569 1172 662 1210 fidei
705 1172 877 1209 collunie
921 1184 1082 1221 prorsus
1127 1183 1172 1208 ex
1217 1168 1417 1221 o<s>eulis
1461 1174 1500 1208 et

73 1241 125 1265 36⁴
145 1232 326 1271 manibus
352 1232 648 1270 infelicissimae
676 1232 853 1282 coniugis
880 1231 1025 1269 tacitus
1053 1231 1242 1268 auolauit.
1288 1234 1329 1268 at
1349 1230 1499 1280 Psyche
1521 1228 1571 1264 ⁴24

144 1291 280 1329 statim
323 1293 565 1341 resurgentis
611 1291 693 1329 eius
738 1303 848 1329 crure
881 1291 1040 1329 dextero
1082 1290 1266 1328 manibus
1309 1290 1499 1328 ambabus

145 1352 308 1400 adrepto
342 1351 522 1388 sublimis
550 1352 763 1388 euectionis
791 1351 987 1399 adpendix
1012 1350 1236 1388 miseranda
1268 1352 1307 1387 et
1332 1363 1401 1399 per
1426 1362 1498 1387 nu·
1520 1365 1554 1390 20

142 1410 243 1448 bilas
275 1411 415 1461 plagas
447 1410 609 1459 penduli
642 1411 854 1448 comitatus
887 1412 1063 1447 extrema
1095 1410 1305 1458 consequia
1338 1409 1498 1447 tandem

143 1470 246 1508 fessa
279 1470 477 1507 delabitur
507 1470 602 1508 solo.

232 1530 313 1567 Nec
358 1529 454 1567 deus
500 1532 654 1567 amator
694 1530 804 1566 humi
848 1530 1041 1567 iacentem
1083 1529 1263 1566 deserens
1301 1528 1499 1566 inuolauit

142 1589 363 1637 proximam
402 1601 626 1638 cupressum
666 1588 792 1638 deque
831 1589 913 1627 eius
958 1589 1039 1626 alto
1085 1588 1286 1626 cacumine
1326 1588 1380 1625 sic
1413 1600 1498 1625 eam

143 1649 319 1698 grauiter
350 1651 568 1686 commotus
601 1649 777 1686 adfatur:
1521 1662 1553 1688 ‘25

237 1810 264 1843 F
282 1809 400 1844 147³b.
429 1823 456 1853 φ
472 1813 544 1843 43²².
693 1814 711 1843 2
733 1810 872 1854 sagitta
894 1814 929 1854 Γ
943 1811 990 1844 al.
1008 1822 1050 1843 m.
1066 1810 1167 1852 add.)
1290 1811 1428 1853 puncto
1444 1811 1499 1853 (φ

142 1871 284 1912 punctu
307 1869 344 1903 F
348 1870 443 1904 Iorid
551 1873 572 1903 4
592 1866 796 1904 roraueri¹¹t
817 1881 879 1903 em.
902 1869 979 1904 ead.
1000 1881 1044 1903 m.
1161 1873 1180 1903 6
1202 1883 1246 1913 tp:
1268 1868 1432 1914 flagrans

191 1932 212 1962 8
228 1928 341 1962 fabiis
363 1930 416 1973 (φ,
437 1928 562 1963 bmut.
579 1926 663 1973 mv)
786 1932 805 1962 9
831 1929 881 1963 dfi
907 1930 944 1973 (fi
970 1930 1011 1963 in
1037 1940 1107 1963 ras.
1136 1929 1184 1963 al.
1211 1940 1256 1963 m.
1283 1934 1349 1963 aut
1373 1929 1498 1973 scrips.

142 1981 208 2011 (cut
234 1978 374 2020 resinae.)
546 1980 588 2010 13
615 1977 699 2011 hem
725 1978 781 2021 (φ)
807 1976 831 2010 h
858 1988 901 2011 ea:
926 1976 961 2010 N
986 1977 1070 2019 fort.
1097 1977 1144 2011 al.
1175 1988 1218 2010 m.
1244 1988 1346 2018 corr„
1372 1976 1434 2011 secl
1459 1978 1499 2011 in

144 2035 208 2069 my.
231 2035 290 2068 pr.
318 2036 362 2058 m.
390 2024 465 2058 add
501 2023 567 2068 he)
768 2028 810 2058 14
833 2024 921 2058 d'ffi*
949 2025 1009 2068 (al.
1037 2036 1081 2058 m.
1109 2025 1165 2067 eff.
1194 2035 1237 2059 ex
1257 2024 1361 2067 ffffi,
1388 2024 1450 2058 secl
1476 2036 1499 2057 n

142 2072 272 2106 induat.
282 2083 342 2116 pr.
360 2073 417 2115 m.)
457 2085 501 2114 ‹p2
515 2072 605 2116 ῶῖῑῑι
681 2072 790 2106 deum
808 2085 825 2106 υ
924 2071 1051 2106 aduris
1066 2073 1122 2116 (φ)
1143 2072 1190 2106 αἱ,
1212 2083 1256 2106 m.
1278 2073 1319 2105 in
1346 2083 1416 2106 ras.

144 2122 185 2152 17
213 2118 370 2163 uisuque
391 2118 565 2153 detecta?
586 2120 659 2154 Leo
757 2119 927 2154 defectae
947 2120 1048 2154 Jahn
1086 2119 1252 2154 deiectae
1275 2120 1399 2154 Petsch
1437 2119 1499 2152 de-

141 2168 325 2201 trectatae
356 2167 460 2201 vdVl
504 2167 709 2212 deceptae?
737 2168 795 2202 He
838 2168 899 2202 sed
930 2167 1022 2202 fides
1057 2168 1197 2202 videtur
1223 2168 1299 2202 dici
1328 2171 1496 2201 secretum

142 2226 237 2269 quod
261 2238 297 2260 se
322 2238 396 2260 ¹non
428 2226 645 2261 detectzcrctm
675 2227 918 2271 spoponderat
1048 2226 1208 2273 collubie
1241 2225 1278 2270 (b
1304 2231 1390 2260 ἠιίιιί
1421 2227 1461 2260 in
1482 2223 1499 2239 v

144 2285 186 2307 m.
214 2275 294 2317 rec.)
391 2273 560 2317 protinus
589 2275 714 2309 Rolzcle
811 2273 929 2309 oculis
951 2275 1006 2319 (φ)
1038 2285 1100 2308 em.
1131 2274 1282 2309 Crzfosz'us
1307 2274 1384 2308 coll.
1409 2274 1497 2308 Gell.

143 2321 308 2362 11115,3
335 2321 379 2363 cf.
401 2333 431 2355 ϊ.
454 2324 498 2362 S.-
525 2324 634 2363 99,1:2
732 2325 775 2355 20
803 2321 958 2365 abrepto
985 2323 1041 2366 (φ)
1067 2333 1129 2356 em.
1152 2334 1171 2356 v
1203 2322 1346 2363 &2214
1361 2322 1407 2355 al.

143 2372 184 2401 21
208 2370 390 2412 consequa
419 2368 553 2403 Gruter
577 2369 639 2403 secl
664 2371 708 2411 cf.
732 2370 771 2403 X
786 2373 832 2404 1&
854 2369 940 2403 med.
1065 2373 1107 2402 23
1136 2370 1300 2403 amatam
1327 2369 1427 2403 Jahn
