1657 2526
211 101 295 141 142
375 100 551 134 APVLEI
577 100 1049 136 METAMORPHOSEON
1075 101 1161 137 LIB.
1183 102 1243 145 VI,
1272 107 1326 138 18.
1356 107 1397 137 19

139 174 211 198 (md.

210 213 297 250 uiae
331 213 591 250 continaberis
625 213 807 250 claudum
840 215 996 251 asinum
1028 214 1227 264 lignorum
1259 215 1438 265 gerulum
1471 227 1559 252 cum

210 284 381 322 agasone
414 273 546 319 simili,
579 273 648 321 qui
679 275 717 309 te
749 272 918 322 rogabit,
951 271 1222 324 decidenti<s>
1248 274 1423 312 sarcinae
1450 274 1562 311 fusti-

139 342 189 364 41⁶
210 332 317 369 culos
363 332 518 379 aliquos
556 333 736 382 porrigas
776 333 829 379 ei,
871 332 938 369 sed
975 334 1019 369 tu
1057 332 1167 370 nulla
1205 346 1299 370 uoce
1331 334 1564 382 deprompta

209 392 333 428 tacita
376 392 602 439 praeterito.
665 403 735 428 nec
778 403 910 438 mora,
956 404 1043 428 cum
1087 392 1137 429 ad
1178 392 1317 429 flumen
1364 395 1563 430 mortuum

175 465 189 489 3
212 451 357 497 uenies,
379 450 441 487 cui
469 450 690 499 praefectus
713 449 879 498 Charon,
906 453 1093 498 protenus
1121 454 1304 500 expetens
1331 453 1563 500 portorium,

211 511 265 547 sic
298 509 347 546 ad
379 509 506 557 ripam
539 509 765 546 ulteriorem
792 509 902 547 sutili
934 509 1074 547 cumba
1106 510 1264 548 deducit
1290 513 1562 549 commeantes.

212 581 304 618 ergo
338 571 376 605 et
408 569 511 605 inter
536 571 711 606 mortuos
743 570 915 606 auaritia
941 569 1046 606 uiuit
1072 583 1142 607 nec
1169 569 1324 608 Charon
1355 570 1423 608 ille
1449 568 1566 619 <uel>

212 628 317 665 Ditis
352 624 427 678 [et]
461 629 586 676 pater,
619 630 754 665 tantus
780 627 889 676 deus,
921 628 1131 677 quicquam
1160 631 1335 679 gratuito
1368 630 1475 676 facit,
1508 632 1567 666 set

139 697 190 720 417
211 687 382 724 moriens
414 699 566 736 pauper
603 687 795 724 uiaticum
832 687 948 724 debet
987 700 1172 736 quaerere
1211 692 1249 726 et
1291 701 1355 726 aes
1395 688 1427 726 si
1464 690 1565 726 forte

159 762 192 785 10
213 759 307 796 prae
339 759 460 784 manu
493 759 569 783 non
602 747 733 794 fuerit,
764 759 878 784 nemo
912 760 1000 783 eum
1033 749 1209 795 expirare
1242 748 1429 796 patietur.
1477 747 1567 784 huic

215 806 393 855 squalido
427 807 511 843 seni
544 805 655 843 dabis
687 806 798 843 nauli
830 807 987 843 nomine
1020 806 1065 843 de
1099 807 1287 855 stipibus,
1325 819 1421 856 quas
1454 808 1567 853 feres,

213 866 391 912 alteram,
425 866 481 902 sic
513 867 664 912 tamen,
702 867 747 902 ut
780 865 862 914 ipse
895 878 966 903 sua
996 878 1115 902 manu
1148 866 1194 903 de
1227 868 1294 904 tuo
1327 868 1457 903 sumat
1489 870 1566 903 ore.v

213 938 282 962 neo
311 925 432 962 setius
457 924 531 961 tibi
559 925 715 974 pigrum
742 925 932 962 fluentum
958 925 1218 963 transmeanti
1246 925 1405 974 quidam
1433 938 1564 974 super—

212 986 353 1022 natans
387 997 502 1022 senex
541 985 721 1021 mortuus
759 985 887 1032 putris
927 984 1123 1022 adtollens
1162 997 1300 1022 manus
1340 985 1485 1031 orabit,
1523 988 1568 1021 ut

160 1058 191 1082 15
213 1057 299 1081 cum
332 1045 438 1080 intra
471 1044 676 1093 nauigium
709 1044 859 1090 trahas,
898 1056 968 1081 nec
1000 1045 1044 1080 tu
1076 1046 1209 1081 tamen
1241 1044 1395 1082 inlicita
1428 1043 1565 1081 adflec-

144 1104 192 1138 19
212 1106 298 1141 tare
337 1104 496 1152 pietate.
560 1104 728 1140 transito
772 1103 895 1140 fluuio
940 1102 1138 1141 modicum
1182 1106 1221 1141 te
1264 1100 1499 1153 progressa<
1502 1100 1567 1151 m>

212 1162 408 1215 textrilces
442 1162 611 1199 orabunt
649 1175 745 1199 anus
784 1163 905 1200 telam
944 1164 1158 1209 struentes,
1197 1175 1335 1200 manus
1367 1163 1568 1211 paulisper

143 1232 193 1255 418
214 1221 499 1268 accommodes,
537 1234 609 1259 nec
639 1221 679 1258 id
711 1224 843 1259 tamen
882 1222 955 1259 tibi
988 1221 1213 1272 contingere
1253 1223 1311 1259 fas
1344 1225 1414 1260 est.
1477 1235 1567 1259 nam

213 1282 309 1318 haec
333 1278 345 1332 Η
371 1282 503 1318 omnia
535 1281 610 1318 tibi
643 1283 681 1318 et
712 1282 839 1318 multa
872 1282 952 1318 alia
985 1282 1031 1318 de
1058 1280 1222 1319 Veneris
1255 1281 1410 1318 insidiis
1442 1281 1566 1318 orien-

161 1355 194 1379 ‘20
214 1344 291 1388 tur,
324 1343 368 1377 ut
399 1341 463 1378 uel
496 1353 614 1377 unam
647 1340 694 1377 de
726 1340 908 1378 manibus
943 1342 1102 1378 omittas
1136 1340 1307 1378 offulam.
1354 1353 1422 1378 nec
1454 1342 1568 1388 putes

214 1400 330 1437 futile
363 1400 468 1437 istud
501 1399 768 1449 polentacium
801 1400 986 1437 damnum
1025 1401 1132 1447 leue,
1174 1400 1300 1437 altera
1339 1400 1443 1437 enim
1481 1412 1566 1448 per-

216 1460 299 1497 dita
342 1460 409 1496 lux
453 1459 549 1496 haec
592 1459 668 1496 tibi
711 1471 870 1507 prorsus
915 1458 1183 1509 denegabitur.
1247 1461 1355 1497 oanis
1399 1472 1567 1507 namque

214 1518 492 1568 praegrandis,
525 1519 679 1568 teriugo
712 1521 751 1555 et
783 1520 879 1556 satis
913 1519 1044 1567 amplo
1077 1520 1206 1567 capite
1238 1518 1458 1568 praeditus,
1496 1519 1566 1554 iin-

215 1580 341 1615 manis
375 1580 414 1615 et
444 1577 724 1621 formidabilis,
764 1579 988 1616 tonantibus
1021 1578 1223 1616 oblatrans
1254 1577 1435 1615 faucibus
1467 1590 1569 1615 mor-

162 1653 195 1676 25
216 1640 318 1686 tuos,
352 1638 495 1686 quibus
527 1638 608 1675 iam
634 1637 690 1674 nil
717 1638 812 1674 mali
844 1640 975 1686 potest
1001 1638 1140 1684 faeere,
1173 1638 1321 1675 frustra
1348 1636 1567 1674 territando

217 1699 306 1735 ante
339 1698 469 1745 ipsum
501 1697 621 1734 limen
655 1699 694 1733 et
726 1699 813 1734 atra
846 1699 949 1734 atria
981 1697 1239 1745 Proserpinae
1272 1709 1424 1745 semper
1456 1708 1566 1733 excu-

215 1757 312 1794 bans
345 1759 478 1794 seruat
508 1769 677 1793 uacuam
710 1755 815 1793 Ditis
848 1757 1016 1794 domum.
1061 1756 1164 1793 hunc
1190 1756 1424 1793 offrenatum
1452 1755 1567 1793 unius

216 1816 358 1853 offulae
404 1816 550 1864 praeda
593 1815 708 1853 facile
757 1815 989 1863 praeteribis
1041 1815 1089 1853 ad
1139 1815 1344 1864 ipsamque
1388 1814 1567 1863 protinus

310 1905 337 1938 F
362 1905 549 1939 1511’1522.
579 1919 605 1948 φ
627 1905 700 1938 46”.
813 1909 829 1938 1
859 1904 1063 1939 Etinaueris
1108 1918 1152 1948 φτ
1181 1903 1435 1949 contingueril'
1457 1905 1494 1948 (g
1520 1903 1565 1936 al.

215 1965 259 1987 m.
281 1965 324 1987 ea:
343 1965 363 1986 a
382 1954 487 1997 corr.)
538 1964 600 1987 em.
622 1964 642 1987 v
661 1953 705 1995 cf.
726 1956 832 1995 2211
956 1957 975 1986 2
996 1952 1183 1986 decidenti
1203 1954 1256 1996 (φ)
1278 1964 1340 1986 em.
1365 1951 1497 1986 Gruter

264 2016 283 2046 8
312 2012 402 2046 ditis
418 2013 447 2045 A<
473 2014 539 2056 pat
559 2014 613 2056 (φ)
635 2022 702 2045 nec
722 2011 819 2045 Ditis
839 2013 947 2056 pater
969 2012 1128 2046 Rei-eald
1167 2011 1226 2045 uel
1248 2010 1344 2045 Ditis
1365 2022 1399 2054 p.
1421 2010 1567 2053 Sauppe

218 2062 254 2094 et
280 2059 377 2093 Ditis
403 2072 438 2103 p.
466 2060 504 2093 E
552 2059 648 2093 Ditis
675 2059 833 2112 portitor
861 2059 1007 2094 Goonov
1057 2058 1243 2113 (nauita)
1266 2057 1363 2091 Ditis
1390 2059 1427 2092 et
1452 2056 1566 2101 porti-

217 2110 275 2141 tor
295 2107 399 2141 vclVI
511 2111 552 2141 14
574 2107 699 2151 putria
719 2118 780 2140 em.
799 2108 834 2140 in
850 2106 972 2150 putris
989 2109 1041 2150 (φ
1056 2118 1105 2141 an
1119 2106 1193 2149 fnit
1207 2116 1329 2150 pruno
1344 2104 1493 2149 putrix
1496 2106 1507 2148 )

267 2158 309 2188 15
336 2154 465 2188 tr'adal
487 2156 541 2198 (tr)
569 2167 632 2188 (m.
647 2166 667 2188 v
767 2157 808 2187 16
829 2154 970 2198 pietate
992 2156 1045 2198 (φ)
1062 2154 1251 2198 posterior.
1273 2164 1291 2186 e
1312 2164 1355 2186 ez
1375 2152 1387 2185 i
1407 2164 1496 2187 corr.
1519 2152 1564 2186 ιιῑ

885 2212 901 2226 O

220 2250 276 2280 m„
298 2249 335 2271 m
356 2249 491 2282 mppr.
508 2250 552 2271 m.
568 2238 681 2271 add.'·
694 2248 712 2270 e
810 2236 899 2270 fluui
926 2249 988 2271 em.
1011 2237 1087 2271 ead.
1108 2248 1153 2271 m.
1250 2236 1403 2283 pgrel'sa
1429 2243 1481 2279 (tr,
1507 2234 1568 2268 secl

215 2289 337 2329 postea
365 2285 511 2329 emend.)
641 2288 682 2318 21
711 2284 818 2319 futile
845 2286 871 2329 (J
900 2286 1003 2328 eras.)
1138 2288 1181 2317 24
1203 2268 1395 2324 conantib,
1422 2284 1476 2325 (qs
1504 2292 1565 2315 em.

219 2358 313 2400 Lips
409 2341 526 2399 fzi¹cib3
553 2368 614 2390 em.
642 2356 718 2389 «inl.
747 2367 778 2389 m
