1611 2516
147 93 201 135 86
301 92 479 127 APVLEI
499 91 970 127 'METAMORJPHOSEON
996 92 1082 127 LIB.
1102 92 1180 135 1111,
1208 95 1344 126 14—16

78 165 116 189 On
122 165 147 188 d.
1494 167 1521 192 E

147 207 285 243 nantes
324 206 379 243 sic
416 204 583 242 instanti
620 204 788 242 militiae
826 204 1068 253 disponimus
1108 206 1412 253 sacramentum,
1449 206 1494 242 ut

148 277 250 302 unus
284 278 303 302 e
334 277 495 302 numero
528 265 674 312 nostro,
714 276 792 301 non
825 263 892 313 qui
925 264 1097 312 corporis
1132 264 1240 312 adeo,
1273 264 1340 302 sed
1371 265 1493 301 animi

147 324 284 362 robore
325 322 463 362 ceteris
503 322 723 370 antistaret,
762 325 879 372 atque
916 324 949 360 is
987 324 1029 360 in
1063 324 1200 372 primis
1232 323 1494 372 uoluntarius,

148 384 250 432 pelle
300 383 370 420 illa
420 384 622 420 contectus
673 394 788 420 ursae
839 382 988 420 subiret
1038 383 1207 433 effigiem
1260 382 1493 431 domumque

113 448 129 473 5
150 443 404 480 Democharis
448 442 597 480 inlatus
641 454 711 490 per
756 443 980 490 opportuna
1019 442 1145 480 noctis
1186 442 1343 479 silentia
1382 442 1494 479 nobis

81 506 128 541 15
148 502 290 539 ianuae
333 501 469 539 faciles
514 503 735 550 praestaret
776 501 918 539 aditus.
989 514 1058 539 nec
1102 513 1247 550 paucos
1290 501 1496 539 fortissimi

78 573 131 599 273
150 561 308 611 collegii
340 561 476 598 sollers
509 561 656 609 species
689 560 739 597 ad
771 573 912 598 munus
945 556 1248 611 obe[di]undum
1281 560 1496 598 adrexerat.

151 633 317 669 quorum
350 632 444 669 prae
478 620 617 657 ceteris
651 619 891 667 Thrasyleon
924 619 1106 658 factionis
1141 619 1300 668 optione
1326 619 1496 658 delectus

151 680 335 729 ancipitis
368 679 572 716 machinae
606 678 756 717 subiuit
789 679 926 717 aleam.
989 679 1145 728 iamque
1177 678 1301 716 habili
1327 680 1431 717 corio
1459 681 1498 717 et

98 753 130 777 10
150 739 317 777 mollitie
350 738 552 776 tractabili
583 739 700 775 uultu
733 750 867 776 sereno
899 751 981 776 sese
1007 738 1193 776 recondit.
1256 740 1349 776 tunc
1374 733 1499 792 tefnui

151 798 358 837 sarcimine
409 810 579 835 summas
630 810 718 836 oras
769 799 851 835 eius
897 797 1163 847 adaequamus
1209 799 1248 835 et
1293 797 1497 835 iuncturae

151 859 304 905 rimam,
342 858 436 895 licet
474 857 673 907 gracilem,
712 859 817 895 setae
849 856 1154 895 circumfluentis
1188 856 1382 895 densitate
1416 869 1496 895 sae-

151 917 298 967 pimus,
348 916 397 954 ad
448 916 575 965 ipsum
626 916 836 954 confinium
880 917 1006 967 gulae,
1058 929 1135 966 qua
1179 916 1309 955 ceruix
1352 916 1500 955 bestiae

151 978 282 1014 fuerat
307 977 453 1024 execta,
486 976 763 1024 Thrasyleonis
790 978 909 1025 caput
935 976 1064 1014 subire
1091 977 1266 1026 cogimus
1286 977 1499 1025 paruisque

100 1050 132 1075 15
151 1037 364 1085 respiratui
396 1036 498 1074 circa
530 1047 642 1073 nares
675 1037 714 1073 et
746 1036 877 1073 oculos
910 1035 1012 1074 datis
1045 1035 1302 1074 foraminibus
1333 1036 1499 1074 fortissi-

152 1109 258 1133 mum
296 1096 443 1134 socium
481 1097 657 1133 nostrum
691 1107 852 1144 prorsus
883 1094 1050 1133 bestiam
1083 1096 1232 1133 factum
1263 1094 1500 1133 inmittimus

83 1171 134 1197 274
155 1167 299 1193 caueae
348 1154 502 1192 modico
546 1150 904 1206 prae[de]stinatae
947 1156 1092 1203 pretio,
1143 1167 1259 1204 quam
1305 1154 1501 1192 constanti

154 1215 289 1265 uigore
328 1215 496 1251 festinus
535 1213 702 1263 inrepsit
738 1214 832 1263 ipse.
896 1214 943 1251 ad
976 1215 1079 1252 hunc
1111 1214 1271 1252 modum
1303 1213 1500 1263 prioribus

86 1288 134 1324 16
155 1274 348 1312 inchoatis
399 1275 455 1311 sic
506 1273 553 1310 ad
603 1274 757 1322 reliqua
799 1273 982 1311 fallaciae
1026 1273 1238 1323 pergimus.
1312 1273 1502 1311 sciscitati

103 1351 136 1375 20
155 1346 295 1371 nomen
334 1333 538 1371 cuiusdam
574 1332 799 1380 Nicanoris,
842 1333 909 1381 qui
947 1345 1086 1383 genere
1119 1333 1285 1371 Thracio
1323 1332 1502 1382 proditus

156 1394 216 1431 ius
244 1392 441 1430 amicitiae
468 1405 665 1430 summum
692 1405 781 1429 cum
801 1392 870 1430 illo
891 1392 1132 1430 Demochare
1159 1392 1324 1440 colebat,
1349 1392 1502 1430 litteras

157 1449 461 1502 adfi<n>gimus‚
502 1454 546 1489 ut
584 1451 808 1489 uenationis
841 1463 934 1489 suae
966 1452 1163 1501 primitias
1196 1451 1321 1489 bonus
1353 1451 1502 1489 amicus

157 1512 359 1550 uideretur
396 1511 570 1549 ornando
607 1507 817 1562 muneri[s]
858 1511 1066 1549 dedicasse.
1129 1511 1285 1560 iamque
1318 1512 1504 1560 prouecta

157 1583 323 1620 uespera
362 1571 474 1608 abusi
511 1570 708 1619 praesidio
746 1570 995 1608 tenebrarum
1031 1571 1305 1619 Thrasyleonis
1344 1583 1505 1608 caueam

105 1648 139 1674 25
159 1630 394 1668 Demochari
445 1643 532 1668 cum
582 1630 725 1667 litteris
768 1630 849 1668 illis
894 1630 1127 1668 adulterinis
1172 1630 1388 1677 offerimus;
1439 1629 1506 1678 qui

158 1691 325 1728 miratus
358 1689 506 1727 bestiae
532 1689 849 1740 magnitudinem
880 1690 1018 1738 suique
1046 1689 1336 1727 contubernalis
1363 1701 1506 1738 oppor-

159 1752 258 1787 tuna
295 1749 535 1787 liberalitate
574 1750 746 1786 laetatus
781 1748 891 1786 iubet
923 1749 1034 1787 nobis
1066 1749 1248 1797 protinus
1280 1748 1415 1799 gaudii
1448 1748 1507 1785 sui

160 1809 307 1859 gerulis
352 1809 483 1846 decem
528 1820 678 1856 aureos,
723 1811 766 1845 ut
809 1808 892 1857 ipse
937 1808 1118 1856 habebat,
1162 1822 1181 1846 e
1220 1809 1300 1846 suis
1345 1802 1508 1859 loculisffi

234 1916 260 1949 F
288 1917 384 1950 140’*.
411 1930 438 1960 φ
466 1916 539 1951 37¹³.
685 1921 703 1949 5
729 1915 963 1959 inlat;.corr.
991 1928 1036 1951 m.
1062 1927 1128 1951 rec.
1156 1917 1196 1950 in
1222 1915 1262 1949 ill
1325 1900 1424 1950 mitis
1445 1927 1508 1950 em.

161 1964 239 1998 cad.
260 1976 304 1998 m.
392 1971 406 1997 7
429 1963 638 1998 obedienda
659 1964 714 2008 (φ)
735 1975 796 1997 em.
818 1975 838 1998 v
929 1970 946 1997 8
967 1963 1168 1997 thrafileon
1260 1970 1278 1996 9
1300 1962 1436 1997 subibit
1457 1965 1508 2007 (φ,

162 2035 203 2070 in
228 2046 296 2080 my.
324 2047 367 2068 m.
394 2036 571 2070 recentiss.
599 2035 684 2069 add.
712 2018 728 2063 ἓ
754 2034 909 2079 subiuit)
1053 2041 1088 2067 15
1118 2034 1141 2080 ζ
1146 2035 1183 2069 et
1209 2034 1384 2080 obtutui>
1413 2033 1509 2068 eirca

164 2107 239 2142 Leo
340 2113 376 2139 16
402 2091 494 2152 c{isus
516 2118 578 2142 em.
607 2107 684 2141 ead.
712 2119 755 2141 m.
859 2113 894 2139 17
921 2105 1155 2150 §destinatae
1183 2106 1238 2150 (φ)
1266 2117 1328 2140 em.
1351 2105 1511 2140 Beroald

164 2155 209 2198 cf.
235 2156 370 2196 246,12
514 2161 550 2187 22
578 2154 747 2198 adfigim;
774 2155 828 2199 (φ)
854 2165 918 2188 em.
946 2166 963 2187 v
1113 2160 1151 2186 23
1177 2152 1340 2187 muneris
1362 2166 1406 2197 cp:
1432 2164 1510 2186 mu-

164 2217 251 2241 nere
276 2218 337 2241 em.
365 2218 395 2242 v.
500 2214 537 2240 24
564 2206 798 2241 thrasileonis
896 2213 934 2240 26
960 2204 1153 2251 oppdtuna
1177 2218 1239 2241 em.
1267 2207 1343 2242 ead.
1372 2219 1414 2241 m.

166 2262 201 2288 27
229 2256 323 2299 prot.
345 2254 427 2288 nob.
449 2259 627 2298 transpos.
646 2255 688 2289 vd
704 2255 752 2289 Vz
836 2261 874 2288 28
900 2256 942 2289 ut
960 2255 1040 2299 ipse
1060 2254 1224 2289 habebat
1243 2255 1298 2299 (φ)
1319 2255 1448 2289 indum.
1463 2255 1510 2288 al.

166 2306 207 2336 ut
225 2302 296 2337 vid.
318 2314 375 2344 m,
395 2303 469 2337 scil.
486 2301 604 2345 ὥσπερ
620 2299 717 2347 εἶχεν
724 2316 736 2344 ,·
755 2303 1014 2346 interpretanti.
1026 2303 1171 2346 potius:
1193 2303 1279 2346 ‘qua
1293 2306 1370 2337 erat
1382 2303 1510 2337 zibera-

167 2350 282 2385 litate’
311 2361 420 2395 quam
448 2350 540 2385 ‘sine
564 2351 680 2385 mora'
711 2351 767 2393 (cf.
793 2350 901 2385 Thac.
923 2351 973 2385 II
985 2353 1045 2391 4,6
1071 2350 1143 2384 III
1159 2351 1253 2392 30‚1)

1517 868 1605 892 66
