1657 2526
92 176 159 199 oud.

87 518 136 542 341

340 100 514 135 APVLEI
540 100 1010 135 METAMORPHOSEON
1036 101 1122 135 Llss.
1145 101 1187 144 V,
1218 106 1269 135 10.
1302 107 1340 136 11
1433 104 1513 144 111

1538 175 1565 199 E

160 226 253 251 uero
287 226 357 262 ego
391 226 541 261 nequeo
574 214 767 250 sustinere
800 213 965 250 ulterius
1008 214 1091 250 tam
1124 214 1282 251 beatam
1314 215 1515 254 fortunam

159 273 352 321 allapsam
417 272 615 322 indignae.
709 271 913 309 recordare
976 273 1104 320 enim,
1167 286 1286 321 quarn
1337 275 1514 322 superbe,

159 344 278 381 quam
335 331 573 381 adroganter
629 330 833 369 nobiscum
889 334 1013 381 egerit
1064 334 1103 369 et
1152 333 1240 381 ipsa
1299 334 1514 372 iactatione

157 391 376 429 inmodicae
427 392 704 429 ostentationis
756 392 974 428 tumentem
1015 403 1131 428 suum
1173 391 1391 440 prodiderit
1430 395 1512 430 ani-

157 463 265 488 mum
310 450 436 498 deque
487 452 610 487 tantis
665 449 817 487 diuitiis
861 450 1001 499 exigua
1043 447 1156 487 nobis
1206 451 1335 488 inuita
1385 454 1511 500 proie-
1551 464 1568 489 5

157 510 254 547 cerit
285 510 572 558 confestimque
605 509 830 559 praesentia
868 512 1004 547 nostra
1042 512 1212 559 grauata
1240 506 1243 562 Ι
1272 511 1442 560 propelli
1474 516 1513 550 et

157 569 284 607 efflari
316 566 596 618 exsibilarique
629 582 698 607 nos
731 569 900 606 iusserit.
952 581 1022 606 nec
1054 582 1141 607 sum
1166 570 1404 608 mulier‘nec
1431 584 1512 609 om-

156 630 250 666 nino
277 630 395 677 spiro,
429 628 505 666 nisi
538 642 623 666 eam
650 640 807 677 pessum
833 628 878 665 de
905 630 1028 665 tantis
1056 629 1195 678 opibus
1229 629 1414 668 deiecero.
1468 644 1511 669 ac

156 690 190 726 si
221 687 295 725 tibi
328 689 460 735 etiam,
493 691 540 725 ut
571 700 644 736 par
676 690 745 734 est,
779 688 930 725 inacuit
960 690 1097 725 nostra
1128 689 1380 737 contumelia,
1423 703 1511 728 con-

157 747 289 785 silium
322 747 502 785 ualidum
533 747 779 796 requiramus
812 747 961 784 ambae.
1013 747 1170 797 iamque
1203 748 1291 796 ista,
1325 762 1424 797 quae
1456 750 1510 786 fe-
1533 762 1569 786 10

154 808 290 853 rimus,
322 820 400 844 non
433 807 663 855 parentibus
695 808 840 845 nostris
868 819 913 844 ac
939 819 1009 844 nec
1036 807 1108 844 ulli
1139 811 1401 846 monstremus
1430 809 1512 858 alii,

155 867 276 904 immo
310 878 380 903 nec
413 867 572 904 omnino
607 868 818 915 quicquam
851 866 897 903 de
932 866 1012 904 eius
1046 867 1174 904 salute
1206 869 1392 906 norimus.
1450 871 1513 907 sat

154 927 225 972 est,
258 925 361 974 quod
382 927 491 975 ipsae
519 926 689 964 uidimus
710 938 810 975 quae
832 925 977 964 uidisse
998 927 1208 975 paenituit,
1240 923 1447 978 ne[c]dum
1468 931 1511 966 ut
1531 935 1566 958 8⁵

154 985 400 1035 genitoribus
441 988 479 1022 et
518 985 699 1023 omnibus
741 985 899 1034 populis
930 987 1014 1022 tam
1045 986 1206 1023 beatum
1240 988 1321 1024 eius
1355 987 1510 1026 differa—

153 1057 240 1082 mus
272 1045 536 1094 praeconium.
600 1058 670 1082 nec
712 1049 805 1083 sunt
846 1046 951 1082 enim
982 1045 1102 1093 beati,
1148 1058 1315 1094 quorum
1347 1046 1510 1086 diuitias
1533 1059 1567 1084 15

154 1117 268 1142 nemo
310 1105 432 1142 nouit.
497 1105 593 1142 sciet
637 1118 676 1142 se
718 1118 796 1142 non
835 1104 1013 1152 ancillas,
1059 1105 1127 1142 sed
1171 1118 1322 1144 sorores
1366 1106 1509 1144 habere

153 1165 333 1201 maiores.
398 1166 435 1201 et
462 1177 563 1202 nunc
591 1164 747 1212 quidem
776 1164 1034 1202 concedamus
1067 1165 1117 1202 ad
1142 1164 1306 1203 maritos
1340 1170 1379 1203 et
1408 1167 1510 1204 lares

154 1236 347 1272 pauperes
400 1226 573 1270 nostros,
624 1223 691 1261 sed
735 1224 853 1272 plane
898 1223 1048 1262 sobrios
1092 1226 1312 1262 reuisainus
1362 1226 1509 1274 diuque

154 1283 464 1333 cogitationibus
496 1283 756 1331 pressioribus
797 1283 1027 1332 instructae,
1072 1284 1122 1321 ad
1160 1284 1386 1332 superbiam
1418 1298 1509 1334 poe-

153 1342 338 1380 niendam
370 1342 561 1380 firmiores
593 1338 836 1381 redeamus„
1530 1357 1564 1382 20

243 1402 379 1439 Placet
411 1415 482 1451 pro
515 1402 617 1440 bono
651 1402 803 1440 duabus
836 1403 951 1440 malis
977 1404 1127 1440 malum
1155 1404 1363 1441 consilium
1395 1406 1507 1441 totis·
1533 1403 1579 1438 11

155 1474 231 1509 que
262 1462 343 1499 illis
376 1464 460 1498 tam
492 1462 675 1510 pretiosis
708 1462 936 1500 muneribus
971 1462 1211 1501 absconditis
1245 1476 1397 1501 comam
1428 1466 1508 1501 tra-

152 1521 289 1558 hentes
323 1524 361 1558 et
391 1521 554 1570 proinde
587 1523 631 1559 ut
662 1521 915 1559 merebantur
947 1535 1016 1560 ora
1049 1522 1268 1560 lacerantes
1300 1523 1507 1561 simulatos

151 1580 426 1630 redintegrant
462 1581 587 1619 fietus.
657 1594 701 1619 ac
747 1582 801 1618 sic
839 1584 1022 1630 parentes
1068 1595 1222 1631 quoque
1260 1582 1508 1620 redulcerato

152 1652 334 1688 prorsum
367 1639 500 1678 dolore
525 1642 674 1689 raptim
701 1641 940 1679 deterrentes
968 1643 1132 1679 uesania
1160 1641 1343 1691 turgidae
1370 1642 1508 1680 domus
1530 1656 1567 1680 25

153 1712 243 1737 suas
277 1694 531 1752 oontenlldunt
563 1700 699 1738 dolum
733 1700 951 1747 scelestum,
982 1702 1104 1738 immo
1131 1714 1224 1739 uero
1250 1702 1508 1750 parricidium

153 1760 349 1796 struentes
382 1761 520 1797 contra
553 1772 725 1797 sororem
757 1762 964 1798 insontem.

248 1895 274 1929 F
298 1896 416 1930 145³b.
445 1910 472 1940 φ
493 1897 567 1930 41δ.
693 1901 710 1930 1
733 1896 844 1931 beata
870 1899 903 1942 (e
930 1910 973 1931 ea:
999 1909 1021 1931 a
1046 1900 1150 1942 corr.)
1287 1902 1306 1932 2
1335 1898 1508 1942 conlapsa

152 1944 206 1988 (φ)
231 1944 294 1978 secl
328 1956 355 1978 v.
379 1944 444 1977 XI
454 1947 545 1979 2eoe.
592 1944 769 1979 collatam
796 1946 890 1990 Lips
933 1945 1119 1989 inlapsam
1146 1947 1344 1981 Bluenmeo·
1388 1945 1506 1990 allap-

152 2001 231 2025 sam
253 1992 311 2025 He
338 1993 373 2036 (a
394 1996 426 2025 et
446 2003 486 2026 co
506 1993 714 2026 simillimae
735 1995 775 2026 *in
794 1994 862 2027 hac
880 1994 1017 2037 script.)
1126 2001 1145 2027 ὅ
1171 1993 1301 2037 pessun
1321 2005 1384 2028 evm.
1407 2008 1433 2037 φ

153 2042 197 2072 13
216 2039 381 2088 penituit
406 2041 546 2083 (punct.
563 2051 666 2081 eras„
686 2042 723 2074 in
741 2052 808 2086 my.
830 2041 908 2075 ead.
930 2052 974 2075 m.
995 2041 1139 2085 penuit)
1190 2055 1235 2085 qa:
1250 2041 1412 2085 penituit

152 2110 271 2144 necdii
298 2111 353 2154 (φ)
379 2122 442 2144 em.
467 2122 484 2144 v
654 2115 697 2144 18
725 2111 832 2155 diuq3
866 2112 921 2156 (φ)
954 2111 1114 2155 denique
1149 2124 1166 2145 ιτ
1203 2112 1377 2156 domique
1407 2113 1507 2147 rdVl

153 2157 313 2200 deinque
343 2158 424 2192 ond
462 2157 612 2202 dolique
640 2160 764 2193 Pers-elz
804 2158 931 2202 ibique
957 2160 1089 2194 Not-(ik
1220 2164 1262 2193 23
1290 2160 1507 2193 maerebant

154 2205 286 2239 Koziol
322 2208 531 2239 maererent
556 2207 755 2241 Bluemner
804 2207 1002 2249 cf.124,21
1035 2207 1204 2242 Xze’eae.
1353 2212 1395 2241 25
1428 2219 1505 2241 rur-

153 2274 234 2297 sum
259 2264 364 2298 vde
462 2256 651 2300 detrentes
673 2267 727 2310 (φ)
757 2267 777 2299 ι’.
800 2278 826 2299 e.
847 2271 1016 2301 terrentes
1042 2269 1086 2309 cf.
1109 2269 1217 2309 9221ss
1244 2268 1353 2305 120&¹
1374 2269 1506 2307 179,15

154 2311 216 2345 IX
229 2314 275 2346 21
296 2312 384 2346 med.
432 2312 688 2356 demergentes
715 2314 790 2348 Leo
841 2313 1051 2348 deserentes
1081 2315 1164 2349 Colo
1204 2315 1261 2359 (cf.
1284 2317 1366 2352 913
1400 2318 1504 2356 119,.3

153 2358 214 2392 secl
246 2360 363 2402 inepte
382 2363 533 2404 propter
558 2366 718 2404 quoque)
747 2360 976 2405 decipientes
1005 2362 1063 2395 He
