1611 2516
176 96 230 137 58
367 95 541 130 APVLEI
567 94 1033 131 METAMORPHOSEON
1057 95 1143 130 LIB.
1165 95 1225 139 III,
1252 99 1284 131 8.
1311 99 1330 130 9

106 171 175 195 Oud.
1522 169 1549 194 E

265 208 362 246 Post
401 208 497 246 haec
534 208 810 258 magistratus,
848 209 916 257 qui
954 210 1050 245 natu
1086 208 1230 256 maior,
1268 208 1446 259 adsurgit
1484 210 1522 246 et

177 268 227 305 ad
259 268 449 318 populum
487 267 604 305 talia:
643 264 704 305 ‘de
744 267 886 306 scelere
919 267 1087 316 quidem,
1127 267 1230 316 quod
1262 268 1362 306 serio
1394 268 1521 306 uindi-

177 328 346 366 candum
385 329 453 377 est,
492 339 561 364 nec
598 326 693 377 ipse,
733 326 799 376 qui
838 328 1045 375 commisit,
1084 329 1213 376 potest
1244 327 1423 375 diffiteri3
1456 327 1523 365 sed

177 400 258 424 una
294 388 451 424 tantum
488 386 687 424 subsiciua
726 384 1003 437 sol<l>icitudo
1042 385 1154 424 nobis
1190 386 1327 424 relicta
1348 387 1440 435 est,
1477 389 1523 424 ut

141 458 156 481 5
177 449 324 484 ceteros
363 447 487 485 socios
525 446 630 483 tanti
666 445 851 484 facinoris
883 445 1139 494 requiramus.
1202 458 1272 483 nec
1304 446 1407 483 enim
1438 446 1523 484 ueri

177 506 304 544 simile
343 508 402 543 est
439 505 637 543 hominem
676 505 898 543 solitarium
936 506 1014 543 tres
1052 508 1135 542 tam
1167 505 1320 543 ualidos
1353 505 1523 543 euitasse

108 576 157 600 m
176 567 350 603 iuuenes.
414 564 578 614 prohinc
610 566 816 603 tormentis
848 565 995 602 ueritas
1028 564 1210 602 eruenda.
1260 578 1351 603 nam
1385 566 1424 602 et
1456 566 1524 614 qui

176 624 441 662 comitabatur
480 637 568 662 eum
606 637 703 673 puer
740 624 917 662 clanculo
956 624 1135 674 profugit
1159 618 1170 676 j
1197 626 1235 661 et
1272 636 1332 662 res
1371 624 1420 662 ad
1451 624 1523 662 hoc

176 684 343 722 deducta
387 686 464 732 est,
501 685 546 721 ut
589 696 659 733 per
703 683 972 732 quaestionem
1018 683 1173 721 sceleris
1215 684 1275 721 sui
1311 684 1523 733 participes
1543 693 1577 717 44

123 754 156 780 10
175 744 334 792 indicet,
361 745 406 781 ut
431 745 516 781 tam
542 743 649 781 dirae
675 743 859 781 factionis
886 743 1062 780 funditus
1083 742 1251 781 formido
1272 740 1521 792 perematur.'

130 812 154 846 9
234 803 315 841 Nec
359 816 487 851 mora,
532 815 620 841 cum
663 802 743 840 ritu
789 801 1013 841 Graeciensi
1055 803 1158 853 ignis
1204 804 1243 840 et
1286 804 1392 850 rota,
1437 815 1524 841 cum

177 875 290 900 omne
345 862 560 912 flagrorum
601 859 605 913 Ι
646 874 769 912 genus
825 862 1056 899 inferuntur.
1144 864 1312 912 augetur
1368 862 1523 911 oppido,

174 924 294 961 immo
327 921 551 971 duplicatur
583 921 681 958 mihi
712 921 923 970 maestitia,
956 921 1060 970 quod
1085 922 1239 971 integro
1266 921 1399 960 saltim
1425 922 1524 960 mori

174 995 252 1020 non
290 982 457 1019 licuerit.
520 981 586 1019 sed
625 993 723 1018 anus
760 981 842 1029 illa,
882 993 981 1030 quae
1019 980 1174 1018 fletibus
1213 982 1354 1019 cuncta
1390 981 1522 1019 turba-

123 1053 155 1077 15
175 1043 305 1079 uerat:
339 1037 491 1091 ‘prius',
524 1041 666 1089 inquit,
700 1037 855 1089 ‘optimi
889 1040 1005 1088 ciues,
1038 1053 1157 1089 quam
1182 1040 1376 1078 latronem
1402 1041 1523 1078 istum

175 1101 406 1139 miserorum
439 1101 649 1150 pignorum
681 1112 858 1138 meorum
884 1101 1171 1149 peremptorem
1197 1099 1303 1138 cruci
1329 1099 1523 1150 affligatis,

107 1172 158 1196 189
176 1161 395 1210 permittite
429 1172 594 1209 corpora
619 1161 849 1198 necatorum
874 1159 1053 1207 reuelari,
1086 1161 1132 1196 ut
1165 1162 1203 1197 et
1229 1160 1379 1197 formae
1406 1159 1524 1197 simul

177 1222 215 1258 et
252 1221 395 1258 aetatis
434 1220 765 1268 contemplatione
802 1218 928 1269 magis
966 1219 1170 1268 magisque
1208 1219 1258 1256 ad
1289 1219 1434 1256 iustam
1465 1219 1523 1256 in-

176 1279 445 1330 dignationem
479 1276 677 1329 ar<r>ecti
709 1292 780 1328 pro
813 1279 928 1316 modo
960 1278 1145 1316 facinoris
1177 1275 1391 1316 saeuiatis?

123 1350 156 1375 20
264 1339 337 1377 His
376 1339 490 1376 dictis
531 1338 787 1387 adplauditur
818 1340 857 1375 et
888 1338 978 1375 ilico
1010 1351 1072 1376 me
1104 1336 1360 1387 magistratus
1393 1338 1522 1387 ipsum

175 1399 285 1436 iubet
329 1411 510 1448 corpora,
556 1411 655 1447 quae
697 1398 841 1435 lectulo
887 1398 1044 1435 fuerant
1083 1398 1230 1447 posita,
1275 1410 1362 1434 mea
1402 1410 1521 1435 manu

176 1458 366 1509 detegere.
430 1458 647 1495 luctantem
688 1470 748 1494 me
793 1469 838 1495 ac
883 1457 950 1494 diu
993 1458 1248 1494 rennuentem
1285 1457 1521 1506 praecedens

175 1518 328 1556 facinus
360 1519 582 1556 instaurare
614 1529 718 1555 noua
751 1518 971 1555 ostensione
997 1516 1153 1555 lictores
1179 1518 1288 1554 iussu
1313 1517 1520 1566 magistra-

174 1580 287 1615 tuum
308 1590 427 1626 quam
446 1578 732 1615 instantissime
754 1577 1008 1625 compellunt,
1028 1589 1187 1613 manum
1207 1576 1373 1625 denique
1394 1577 1521 1626 ipsam

121 1649 153 1674 25
174 1650 194 1674 e
230 1637 390 1687 regione
428 1636 563 1674 lateris
602 1636 807 1674 trudentes
845 1637 885 1673 in
925 1635 1088 1673 exitium
1127 1648 1243 1673 suum
1280 1648 1398 1684 super
1434 1635 1520 1684 ipsa

103 1710 153 1734 190
173 1697 368 1734 cadauera
398 1697 618 1746 porrigunt.
679 1697 831 1733 euictus
863 1695 1022 1732 tandem
1049 1696 1280 1733 necessitate
1313 1695 1519 1733 succumbo

244 1786 271 1819 F
299 1785 395 1840 135¹).
424 1799 450 1830 φ
472 1789 549 1839 33⁸.
635 1793 653 1819 4
679 1784 874 1820 solicitudo
901 1797 963 1820 em.
992 1799 1019 1829 φ
1106 1785 1188 1831 11s12
1213 1787 1292 1819 tum
1320 1795 1427 1819 omne
1452 1797 1473 1820 υ

172 1864 207 1891 12
243 1841 422 1902 flagidorfi
455 1842 480 1901 <ι
505 1857 578 1891 vid.
613 1857 690 1891 ead.
723 1869 767 1891 m.
801 1857 897 1899 add„
933 1858 973 1892 in
1007 1868 1074 1902 my.
1113 1856 1157 1890 -1-
1194 1857 1237 1901 cf.
1264 1857 1382 1902 praef.
1413 1857 1473 1902 34)

221 1919 264 1948 qi:
299 1904 477 1950 flagitiozl
510 1905 553 1947 cf.
584 1907 690 1947 105,6
739 1904 938 1949 flagrorum
972 1905 1132 1939 Beroald
1179 1903 1410 1949 flagellorum
1440 1903 1521 1939 Oud

173 1953 268 1987 Hz'lcl
328 1952 553 1996 flagitorium
590 1952 648 1986 He
681 1953 726 1995 cf.
764 1951 868 1996 Corp.
903 1953 1008 1998 9l083.
1052 1952 1109 1986 VI
1137 1954 1207 1987 454
1237 1963 1264 1987 s.
1291 1963 1321 1986 v.
1372 1951 1520 1995 flagitor

173 2000 342 2044 Lindsay
382 2001 464 2035 Lat.
492 1999 660 2043 Sprache,
686 1999 772 2043 Lps,
796 2002 903 2043 1397,
925 2011 962 2044 p.
983 2002 1059 2034 202
1085 1999 1258 2044 Cypriam
1286 1999 1336 2034 ad
1362 2000 1518 2034 Demetr.

174 2050 220 2082 12
250 2048 290 2092 (Ι
306 2050 444 2090 359,23
472 2047 618 2092 How-tel)
656 2047 788 2082 Usener
815 2049 914 2082 Mus.
943 2047 1058 2082 Rhen.
1085 2047 1185 2081 LVI
1205 2047 1329 2092 (1901)
1348 2058 1387 2091 p.
1410 2050 1455 2081 15

172 2103 260 2163 gdn3
287 2119 346 2163 (al.
370 2130 414 2153 m.
436 2119 520 2153 add.
540 2102 572 2161 ²,·
603 2118 691 2162 quid
715 2118 787 2152 sibi
810 2119 895 2152 velit
919 2118 1050 2161 nescio)
1161 2124 1198 2151 16
1225 2117 1322 2152 cruci
1349 2117 1524 2162 adfigatis

172 2167 230 2210 (φ)
262 2167 303 2200 in
334 2177 402 2211 my.
430 2166 506 2200 ead.
533 2177 577 2200 m.
604 2166 659 2200 vel
683 2170 772 2200 certe
798 2167 972 2201 vetustiss.
1000 2165 1182 2200 cruciatui
1209 2165 1308 2199 datis
1329 2165 1414 2199 add.

173 2220 207 2246 19
235 2213 349 2247 arecti
381 2225 443 2247 em.
477 2225 521 2248 m.
556 2213 731 2248 recenti-ss.
764 2217 796 2247 et
822 2227 848 2256 φ
988 2220 1022 2246 21
1049 2212 1186 2247 lectulo
1218 2213 1277 2258 (φ)
1302 2213 1481 2257 posterior
1505 2212 1518 2246 1

172 2272 215 2295 eac
241 2272 259 2295 c
285 2264 351 2295 aut
376 2271 396 2294 o
422 2272 511 2296 corr.
656 2267 693 2293 22
726 2260 968 2294 reluctantem
1000 2261 1046 2295 'vd
1061 2261 1109 2294 Vl
1188 2274 1232 2303 cp:
1266 2260 1448 2295 renitente
1472 2261 1516 2304 cf.

174 2311 278 2351 133,3
306 2311 442 2351 1692}
474 2310 609 2350 203,12
643 2308 746 2350 Corp.
782 2308 896 2342 Gloss.
931 2308 1013 2343 Lat.
1051 2309 1129 2343 VII
1157 2311 1227 2342 198
1371 2314 1408 2341 25
1434 2309 1518 2341 tun-

172 2355 303 2390 dentes
323 2356 380 2401 (φ)
406 2367 468 2391 em.
496 2357 554 2391 He
580 2355 774 2389 tendentes
804 2355 936 2390 Gruter
