1611 2516
110 88 163 129 76
285 86 459 121 APVLEI
486 84 954 120 METAMORPHOSEON
979 84 1066 118 LIB.
1087 84 1166 127 1111,
1194 88 1225 126 2,
1254 87 1272 118 3

39 162 107 188 Oud.

37 213 90 237 240
109 200 296 238 caliculos
335 199 485 237 modice
524 199 766 247 punicantes,
799 210 895 247 quos
928 197 1108 246 equidem
1140 197 1350 246 fraglantis
1383 196 1452 233 mi-

109 261 213 297 nime
251 255 474 309 rurest<r>i
512 257 705 295 uocabulo
743 257 886 307 uulgus
924 256 1125 294 indoctum
1158 267 1266 293 rosas
1298 256 1453 293 laureas

63 319 86 353 3
112 319 316 368 appellant
348 329 592 367 quarumque
625 319 763 354 cuncto
796 317 927 366 pecori
954 316 1064 354 cibus
1090 316 1220 352 letalis
1248 316 1314 353 est.
1365 316 1455 352 tali-

111 379 183 416 bus
214 378 307 415 fatis
339 377 559 426 implicitus
591 376 711 414 etiam
743 376 870 424 ipsam
904 376 1072 413 salutem
1102 386 1285 412 recusans
1318 376 1455 423 sponte

77 440 91 465 5
112 438 210 475 illud
237 432 442 489 uenenum
474 437 667 474 rosarium
694 447 846 472 sumere
873 435 1100 485 gestiebam.
1140 433 1205 471 sed
1233 433 1323 470 dum
1345 445 1456 470 cunc-

111 499 244 535 tanter
276 496 416 534 accedo
450 496 666 543 decerpere,
698 494 852 532 iuuenis
886 495 1059 543 quidam,
1092 495 1137 530 ut
1168 493 1266 530 mihi
1298 493 1457 530 uideba-

112 559 188 604 tur,
225 556 472 602 hortulanus,
511 555 620 593 cuius
661 555 794 592 omnia
831 566 990 602 prorsus
1028 554 1164 591 holera
1196 554 1458 599 uastaueram,

113 618 225 654 tanto
265 616 406 653 damno
446 616 604 664 cognito
643 627 730 652 cum
769 613 907 663 grandi
949 613 1090 650 baculo
1123 613 1255 649 furens
1289 611 1460 649 decurrit

115 675 403 724 adreptumque
447 686 507 711 me
552 675 680 711 totum
724 673 854 722 plagis
906 672 1088 710 obtundit
1133 671 1306 719 adusque
1350 671 1459 708 uitae

62 743 94 769 10
114 735 236 784 ipsius
268 734 502 783 periculum,
534 733 609 770 nisi
641 732 800 770 tandem
827 732 1026 781 sapienter
1052 731 1230 780 alioquin
1254 731 1338 779 ipse
1364 729 1461 767 mihi

114 795 292 833 tulissem
325 793 527 831 auxilium.
590 805 681 830 nam
714 791 859 829 lumbis
893 791 1056 829 eleuatis
1082 791 1121 827 in
1149 790 1285 837 altum,
1318 789 1460 838 pedum

114 855 377 903 posteriorum
415 852 587 890 calcibus
630 852 788 889 iactatis
827 851 867 888 in
900 864 990 888 eum
1022 846 1223 888 crebriter’
1257 850 1335 886 iam
1362 849 1460 886 mul-

44 921 96 946 241
116 915 203 951 cato
237 914 413 963 grauiter
446 914 563 961 atque
596 911 748 949 iacente
780 912 917 948 contra
946 910 1119 960 procliue
1146 908 1290 947 montis
1318 909 1463 957 attigui

116 974 210 1023 fuga
248 986 309 1010 me
347 972 524 1009 liberaui.
588 971 654 1008 sed
689 970 780 1008 ilico
819 970 962 1007 mulier
1000 969 1220 1018 quaepiam,
1252 981 1349 1006 uxor
1381 968 1462 1005 eius

65 1041 96 1066 15
118 1031 277 1080 scilicet,
320 1031 436 1069 simul
481 1044 569 1068 eum
616 1031 855 1080 prostratum
895 1031 934 1067 et
972 1028 1237 1066 semianimem
1280 1041 1324 1065 ex
1357 1027 1461 1064 edito

118 1093 305 1140 despexit,
344 1090 521 1129 eiulabili
563 1103 651 1127 cum
689 1090 879 1139 plangore
919 1089 967 1126 ad
1009 1101 1095 1126 eum
1130 1088 1265 1125 statim
1297 1086 1464 1135 prosilit,

117 1154 164 1189 ut
189 1152 250 1189 sui
281 1150 465 1188 uidelicet
497 1149 748 1187 miseratione
779 1149 877 1186 mihi
903 1160 1086 1197 praesens
1112 1149 1261 1184 crearet
1287 1146 1462 1183 exitium.

119 1212 250 1249 cuncti
282 1211 384 1247 enim
449 1209 594 1258 pagani
620 1208 774 1246 fletibus
802 1208 883 1245 eius
912 1208 1029 1245 exciti
1054 1207 1191 1245 statim
1217 1206 1465 1243 conclamant

119 1282 233 1308 canes
273 1271 405 1319 atque,
444 1269 492 1306 ad
531 1282 591 1306 me
629 1267 861 1305 laniandum
899 1267 1006 1304 rabie
1043 1267 1185 1315 perciti
1215 1266 1363 1303 ferrent
1393 1266 1463 1302 im-

66 1339 99 1364 ‘20
119 1332 265 1380 petum,
297 1330 446 1377 passim
478 1328 742 1366 cohortantur.
798 1329 892 1364 tunc
923 1327 1048 1376 igitur
1078 1326 1215 1375 procul
1242 1324 1360 1361 dubio
1387 1324 1465 1361 iam

119 1389 237 1427 morti
275 1390 489 1438 proximus,
528 1400 615 1424 cum
653 1387 826 1424 uiderem
867 1398 981 1424 canes
1014 1387 1053 1424 et
1084 1385 1198 1422 modo
1231 1396 1394 1434 magnos
1428 1385 1466 1420 et

120 1461 280 1486 numero
325 1448 469 1485 multos
513 1449 551 1485 et
594 1448 695 1485 ursis
741 1459 785 1484 ac
829 1445 1008 1483 leonibus
1050 1445 1098 1482 ad
1137 1442 1465 1494 conpugnandum

119 1509 281 1546 idoneos
313 1509 354 1544 in
386 1520 447 1544 me
474 1508 709 1544 conuocatos
736 1505 970 1554 exasperari,
1003 1518 1022 1542 e
1049 1517 1089 1542 re
1116 1505 1212 1541 nata
1239 1505 1351 1551 capto
1379 1514 1465 1540 con-

49 1578 102 1602 242
120 1569 210 1606 silio
243 1568 378 1617 fugam
412 1566 544 1604 desino
579 1579 623 1603 ac
648 1579 709 1602 me
735 1567 928 1603 retrorsus
955 1563 1070 1601 celeri
1095 1563 1221 1613 gradu
1245 1575 1400 1600 rursum
1424 1561 1465 1599 in

68 1637 101 1661 25
122 1627 334 1674 stabulum,
367 1639 443 1675 quo
471 1626 777 1672 deuerteramus,
808 1624 966 1673 recipio.
1029 1625 1071 1661 at
1101 1623 1163 1660 illi
1195 1622 1356 1659 canibus
1387 1621 1466 1658 iam

217 1777 243 1810 F
268 1776 352 1811 138b
375 1778 468 1809 1392.
498 1789 523 1818 φ
547 1774 686 1808 351¹3G²²
853 1780 867 1806 1
894 1772 1115 1817 punicantes
1138 1773 1193 1815 (φ)
1220 1782 1239 1806 e
1271 1782 1314 1805 eoe
1338 1770 1351 1804 i
1377 1782 1465 1805 corr.

123 1825 200 1859 ead.
227 1836 271 1858 m.
394 1822 500 1867 fragl.
522 1821 610 1856 min.
638 1826 721 1856 ante
748 1831 839 1864 quos
866 1825 1044 1864 transpos.
1066 1820 1112 1853 vd
1122 1820 1153 1853 V
1159 1820 1170 1853 Z
1291 1825 1308 1851 2
1334 1817 1468 1851 ruresti

124 1884 186 1907 em.
214 1886 240 1915 φ
386 1869 591 1904 uocabulo*
626 1870 711 1913 (vid.
739 1880 827 1903 eras.
856 1868 873 1901 Γ
901 1872 1009 1902 antea
1034 1868 1187 1911 induet.)
1333 1872 1350 1899 4
1383 1864 1473 1899 fatis

126 1920 142 1953 s
158 1921 197 1954 in
217 1930 303 1961 ras„
322 1918 383 1952 secl
402 1918 477 1961 fuit
497 1917 520 1959 Γ,
541 1918 615 1951 nisi
635 1917 729 1961 quod
749 1917 927 1951 cow'unct.
950 1919 1027 1950 erat
1040 1926 1119 1949 cum
1133 1915 1236 1949 verbo
1250 1925 1316 1958 seq.
1331 1914 1385 1957 (φ)

126 1975 140 2000 7
169 1966 268 2008 *cui3
296 1966 380 2005 (vid.
407 1976 487 2000 eras
513 1965 544 2008 s)
690 1971 707 1997 8
733 1963 866 1998 baculo
893 1963 916 1997 b
943 1975 986 1998 ecc
1011 1975 1045 1996 u.
1073 1973 1162 1997 corr.
1189 1961 1267 1996 cad.
1295 1972 1338 1994 m.

125 2023 142 2047 τ)
170 2014 370 2058 abreptfiq3
398 2014 453 2057 (φ)
474 2024 534 2046 ems.
560 2023 576 2045 ι’
602 2013 743 2055 cfi121,4
865 2018 901 2044 10
927 2010 999 2044 nisi
1036 2022 1059 2043 n
1080 2010 1150 2044 vid.
1172 2020 1215 2044 ecc
1234 2020 1269 2042 m
1296 2009 1350 2051 eff.

126 2069 160 2096 12
193 2060 427 2106 pol'teriorib3
468 2062 523 2104 (φ)
558 2071 620 2094 em.
657 2059 738 2094 Oud
776 2059 820 2102 cf.
843 2061 972 2100 149‚10
1153 2063 1187 2089 12
1219 2055 1381 2089 mulcato
1415 2055 1469 2098 (φ)

126 2122 169 2144 m.
197 2109 373 2144 recentiss.
408 2119 426 2141 c
458 2111 545 2141 mut.
572 2108 611 2140 in
638 2108 653 2140 t
822 2112 857 2139 18
883 2106 1027 2139 iacente
1054 2106 1107 2149 (φ)
1124 2107 1137 2113 ”
1165 2115 1254 2138 eras.
1287 2107 1406 2145 antea,
1431 2106 1472 2136 ut

129 2157 214 2199 vid„
240 2157 375 2191 ἐνείκεε.
508 2162 543 2187 19
564 2155 676 2196 utque
698 2166 717 2187 v
743 2154 909 2196 es146,15
928 2155 1110 2196 53‚123qq.
1127 2154 1246 2193 5122.
1262 2152 1309 2185 al.
1331 2151 1351 2184 l.

130 2205 268 2239 ferrent
294 2205 349 2247 (φ)
374 2203 436 2238 sed
461 2203 503 2236 nt
534 2203 694 2236 scissura
726 2202 852 2244 aliqua
884 2212 983 2235 evan.
1153 2206 1185 2232 21
1218 2197 1344 2243 modo]
1376 2196 1472 2231 mole

132 2252 256 2286 Rohde
288 2253 372 2292 73,2
410 2251 468 2292 cst.
502 2250 632 2284 Nova'k
800 2255 837 2280 28
870 2251 913 2282 cu
949 2247 1024 2280 filio
1057 2247 1112 2291 (φ)
1149 2247 1194 2280 (ιῖ.
1230 2257 1274 2279 m.
1310 2255 1399 2279 corr.
1432 2245 1473 2278 in

132 2299 256 2334 cosilio
401 2305 437 2331 :34
471 2296 595 2330 desino
628 2298 680 2340 (φ,
713 2296 773 2330 sed
805 2296 851 2330 al.
878 2307 922 2329 m.
952 2298 1035 2329 mut.
1063 2296 1104 2329 in
1130 2293 1284 2337 destino)
1311 2292 1385 2328 scil.
1413 2292 1471 2335 fu-

130 2358 209 2393 yere
234 2358 308 2381 non
329 2346 447 2391 peryit

1473 155 1500 180 E

1484 1152 1517 1178 58
