1657 2526
198 60 285 101 290
358 58 534 92 APVLEI
558 57 1027 93 METAMORPHOSEON
1053 58 1221 102 LIB.X1‚
1250 63 1388 94 28—30

127 132 196 156 Oud.
1557 134 1582 158 E

197 171 448 220 quentabam.
520 183 621 220 quae
670 183 731 208 res
782 183 976 208 summum
1020 166 1031 221 ᾗῇ
1074 171 1386 220 peregrinationi
1433 184 1544 210 meae

196 229 399 267 tribuebat
442 230 635 268 solacium
678 242 748 268 nec
792 230 921 267 minus
966 229 1086 267 etiam
1129 230 1281 267 uictum
1323 230 1543 269 uberiorem

196 289 539 337 subministrabat,
580 289 736 337 quidni,
774 290 917 338 spiritu
954 289 1126 327 fauentis
1159 289 1338 327 Euentus
1375 291 1543 338 quaesti-

197 348 285 385 culo
318 348 464 387 forensi
495 348 645 386 nutrito
677 361 748 397 per
778 349 1001 397 patrocinia
1034 349 1222 386 sermonis
1254 347 1433 387 Romani.

125 411 175 446 29
286 407 338 444 Et
381 419 467 445 ecce
504 409 596 456 post
631 407 843 456 pauculum
881 408 1036 456 tempus
1073 407 1290 456 inopinatis
1329 410 1367 445 et
1404 421 1543 457 usque·
1563 417 1616 442 224

160 473 176 498 6
197 478 352 515 quaque
383 466 560 503 mirificis
591 466 768 515 imperiis
801 466 916 503 deum
945 479 1079 504 rursus
1104 466 1338 515 interpellor
1363 469 1402 503 et
1426 479 1545 517 cogor

194 525 355 563 tertiam
394 538 550 575 quoque
587 526 750 563 teletam
788 526 985 563 sustinere.
1046 538 1116 563 nec
1153 525 1232 563 leui
1268 537 1363 563 cura
1400 526 1543 564 sollici·

194 586 270 631 tus,
306 584 373 622 sed
406 585 551 634 oppido
584 596 795 634 suspensus
829 585 952 621 animi
982 597 1134 623 mecum
1166 585 1250 633 ipse
1283 585 1543 634 cogitationes

194 644 402 681 exercitius
446 643 669 694 agitabam,
713 655 880 692 quorsus
924 656 1027 680 noua
1072 645 1167 681 haec
1211 646 1250 680 et
1287 644 1466 681 inaudita
1505 656 1544 682 se

145 710 177 735 10
198 703 427 740 caelestium
458 705 678 752 porrigeret
708 703 896 749 intentio,
935 702 1027 750 quid
1059 703 1321 750 subsiciuam,
1361 703 1543 751 quamuis

195 763 363 800 iteratae
400 762 498 811 iam,
541 762 750 800 traditioni
787 762 1054 799 remansisset:
1101 759 1303 799 ‘nimirum
1340 774 1544 811 perperam

194 821 271 858 mel
291 821 421 858 minus
435 821 550 870 plene
564 821 846 859 consuluerunt
859 822 900 858 in
914 833 975 858 me
990 821 1169 859 sacerdos
1183 818 1386 870 uterque’3
1406 823 1446 859 et
1459 821 1543 858 her-

195 880 300 918 cules
325 879 405 917 iam
432 881 478 917 de
504 880 580 917 fide
607 892 761 929 quoque
787 892 922 918 eorum
948 880 1103 929 opinari
1122 880 1355 929 coeptabam
1375 881 1541 929 sequius.

194 952 273 988 quo
310 953 372 976 me
411 939 663 989 cogitationis
697 942 809 976 aestu
840 939 1098 976 fluctuantem
1129 939 1179 976 ad
1210 941 1337 977 instar
1367 940 1543 977 insaniae

119 1006 173 1031 815
193 999 387 1047 percitum
413 1000 469 1036 sic
491 999 679 1036 instruxit
728 1000 921 1037 nocturna
942 998 1184 1036 diuinatione
1207 999 1375 1036 clemens
1395 1000 1543 1048 imago:

140 1065 172 1090 16
287 1055 413 1095 ‘Nihil
457 1055 543 1105 est’,
587 1059 733 1107 inquit,
778 1055 899 1107 ‘quod
943 1070 1150 1096 numerosa
1194 1058 1292 1095 serie
1329 1058 1543 1108 religionis,

194 1118 309 1165 quasi
353 1117 562 1166 quicquam
608 1117 660 1154 sit
702 1117 811 1166 prius
850 1117 1055 1165 omissum,
1100 1119 1280 1154 terreare.
1343 1117 1439 1165 quin
1477 1117 1542 1154 ad-

194 1176 308 1213 sidua
339 1178 419 1214 ista
449 1178 657 1214 numinum
690 1176 918 1226 dignatione
950 1176 1080 1213 laetus
1106 1188 1263 1224 capesse
1289 1176 1477 1226 gaudium
1504 1178 1543 1214 et

191 1237 325 1284 potius
358 1236 492 1273 exulta
523 1238 584 1273 ter
615 1237 786 1283 futurus,
822 1235 926 1283 quod
958 1235 1028 1272 alii
1060 1235 1125 1272 uel
1157 1235 1276 1272 semel
1307 1235 1376 1271 uix
1409 1247 1542 1272 conce-

138 1302 172 1326 20
193 1294 310 1343 ditur,
342 1296 460 1344 teque
493 1295 539 1332 de
572 1295 648 1333 isto
680 1307 842 1333 numero
874 1295 1016 1332 merito
1042 1306 1249 1343 praesume
1275 1307 1428 1343 semper
1452 1294 1541 1331 bea-

191 1356 289 1391 tum.
347 1356 519 1391 ceterum
551 1355 686 1392 futura
718 1354 792 1392 tibi
824 1366 1023 1392 sacrorum
1054 1353 1219 1391 traditio
1251 1354 1542 1402 pernecessaria

193 1415 262 1461 est,
298 1414 330 1450 si
363 1415 490 1451 tecum
525 1426 628 1451 nunc
660 1414 800 1452 saltem
832 1414 1079 1463 reputaueris
1112 1414 1274 1450 exuuias
1307 1412 1413 1461 deae,
1445 1425 1541 1461 quas

190 1474 231 1509 in
276 1473 482 1522 prouincia
526 1473 746 1522 sumpsisti,
789 1473 830 1509 in
869 1472 1005 1510 eodem
1043 1473 1136 1510 fano
1176 1472 1374 1520 depositas
1411 1484 1541 1520 perse-

117 1539 170 1563 816
190 1544 327 1569 uerare
372 1545 442 1570 nec
484 1534 522 1569 te
561 1532 709 1570 Romae
748 1532 885 1570 diebus
922 1531 1177 1570 sollemnibus
1216 1531 1281 1568 uel
1319 1530 1540 1579 supplicare

137 1596 171 1622 25
190 1592 240 1628 iis
272 1592 349 1639 uel,
381 1604 466 1628 cum
500 1594 755 1641 praeceptum
787 1591 919 1638 fuerit⁷
950 1591 1056 1628 felici
1081 1590 1151 1628 illo
1178 1590 1323 1627 amictu
1349 1590 1540 1627 illustrari

189 1662 315 1699 posse.
373 1650 477 1699 quod
509 1651 602 1688 felix
634 1652 770 1699 itaque
804 1663 848 1687 ac
881 1651 1056 1687 faustum
1089 1649 1339 1697 salutareque
1371 1648 1444 1686 tibi
1476 1650 1540 1696 sit,
1633 1645 1636 1745 Ι

190 1711 321 1747 animo
343 1710 521 1758 gaudiali
541 1721 697 1747 rursum
712 1710 833 1748 sacris
846 1710 1006 1747 initiare
1021 1702 1102 1747 deis
1116 1708 1269 1758 magnis
1285 1704 1539 1745 auctoribus?

118 1773 170 1808 30
278 1766 351 1818 <H
356 1766 546 1818 >actenus
578 1769 704 1806 diuini
736 1769 878 1807 somnii
911 1768 1035 1806 suada
1066 1768 1269 1814 maiestas,
1308 1766 1412 1816 quod
1444 1779 1540 1804 usus

191 1828 310 1876 foret,
348 1829 633 1877 pronuntiauit.
696 1841 767 1866 nec
799 1828 980 1875 deinceps
1010 1829 1232 1875 postposito
1265 1827 1330 1863 uel
1361 1827 1404 1863 in
1435 1827 1538 1875 supi-

135 1895 169 1919 30
190 1899 280 1924 nam
325 1887 723 1936 procrastinationem
765 1887 910 1925 reiecto
948 1887 1127 1936 negotio⁷
1172 1887 1308 1923 statim
1346 1885 1540 1923 sacerdoti

188 1958 274 1984 meo
306 1946 442 1984 relatis
475 1959 574 1995 quae
607 1947 802 1994 uideram,
840 1947 1036 1983 inanimae
1069 1945 1249 1993 protinus
1284 1944 1539 1982 castimoniae

1634 2116 1638 2304 i

284 2059 311 2092 F
333 2059 429 2093 1831'.
457 2073 483 2102 φ
507 2060 601 2094 73Βῦ.
701 2067 715 2092 7
743 2059 917 2093 suscitare
943 2061 998 2102 (φ)
1025 2060 1239 2102 susceptare
1268 2059 1406 2092 TVower
1431 2057 1539 2090 susti-

187 2116 273 2139 nere
301 2107 359 2140 He
385 2108 430 2149 cf.
451 2110 536 2149 27‚6
563 2109 646 2149 5(),6
789 2114 808 2139 9
835 2105 1008 2151 cogitaba
1036 2108 1091 2150 (φ)
1119 2105 1310 2149 agitabam
1341 2105 1455 2154 Oud5

187 2160 223 2186 12
250 2153 514 2187 consuluerunt
540 2156 591 2198 (φ)
619 2156 721 2187 -rant
746 2155 943 2188 Blaemner
1065 2161 1100 2186 16
1125 2153 1192 2198 iqd
1332 2159 1367 2185 17
1391 2152 1457 2197 qsq
1487 2153 1541 2196 (φ)

187 2223 249 2246 em.
272 2224 291 2246 v
382 2202 483 2258 trere
510 2215 564 2257 (φ)
592 2225 654 2247 em.
676 2225 696 2246 v
792 2219 828 2246 18
849 2212 927 2258 letti
949 2215 1003 2256 (φ)
1024 2213 1145 2246 laetus
1167 2213 1225 2246 He
1323 2218 1361 2245 20
1381 2211 1539 2256 semper]

186 2261 244 2293 ter
268 2260 344 2294 Leo
442 2267 479 2293 22
506 2260 660 2294 exubias
681 2262 737 2304 (φ)
764 2272 827 2295 em.
854 2272 874 2294 v
971 2267 1008 2293 :23
1035 2260 1205 2303 funo*(‹p)
1233 2271 1293 2293 em,
1326 2271 1342 2293 v
1369 2260 1412 2301 cf.
1433 2259 1538 2293 schol.

187 2307 237 2341 ad
257 2308 321 2342 Ar.
339 2307 438 2342 qut.
454 2310 528 2342 &46
624 2315 661 2341 *25
684 2307 777 2353 (in)
800 2307 846 2341 iis
870 2307 912 2341 vd
922 2308 971 2341 Vl
1068 2314 1103 2340 27
1127 2306 1188 2340 siis
1280 2313 1317 2339 28
1339 2308 1462 2348 actem
1484 2307 1538 2350 (φ)
