<?xml version="1.0" encoding="UTF-8"?>
<!DOCTYPE html PUBLIC "-//W3C//DTD XHTML 1.0 Transitional//EN"
    "http://www.w3.org/TR/xhtml1/DTD/xhtml1-transitional.dtd">
<html xmlns="http://www.w3.org/1999/xhtml" xml:lang="en" lang="en">
 <head>
  <title>
</title>
<meta http-equiv="Content-Type" content="text/html;charset=utf-8" />
  <meta name='ocr-system' content='tesseract 3.04.00' />
  <meta name='ocr-capabilities' content='ocr_page ocr_carea ocr_par ocr_line ocrx_word'/>
</head>
<body>
  <div class='ocr_page' id='page_1' title='image "./operaquaesupersu01apuluoft/operaquaesupersu01apuluoft_0082.png"; bbox 0 0 1611 2516; ppageno 0'>
   <div class='ocr_carea' id='block_1_1' title="bbox 169 75 1344 120">
    <p class='ocr_par' dir='ltr' id='par_1_1' title="bbox 169 75 1344 120">
     <span class='ocr_line' id='line_1_1' title="bbox 169 75 1344 120; baseline -0.003 -8"><span class='ocrx_word' id='word_1_1' title='bbox 169 80 222 120; x_wconf 78' lang='lat'>72</span> <span class='ocrx_word' id='word_1_2' title='bbox 333 77 508 112; x_wconf 89' lang='lat' dir='ltr'><strong>APVLEI</strong></span> <span class='ocrx_word' id='word_1_3' title='bbox 535 75 1003 111; x_wconf 85' lang='lat' dir='ltr'><strong>METAMORPHOSEON</strong></span> <span class='ocrx_word' id='word_1_4' title='bbox 1030 76 1115 110; x_wconf 90' lang='lat' dir='ltr'>LIB.</span> <span class='ocrx_word' id='word_1_5' title='bbox 1137 75 1198 118; x_wconf 87' lang='grc' dir='ltr'>ΙΙΙ,</span> <span class='ocrx_word' id='word_1_6' title='bbox 1225 78 1279 109; x_wconf 83' lang='lat'>27.</span> <span class='ocrx_word' id='word_1_7' title='bbox 1302 77 1344 109; x_wconf 86' lang='lat'>28</span> 
     </span>
    </p>
   </div>
   <div class='ocr_carea' id='block_1_2' title="bbox 98 153 1550 240">
    <p class='ocr_par' dir='ltr' id='par_1_2' title="bbox 98 153 1550 240">
     <span class='ocr_line' id='line_1_2' title="bbox 98 153 1550 178; baseline -0.002 -3"><span class='ocrx_word' id='word_1_8' title='bbox 98 153 166 177; x_wconf 76' lang='lat' dir='ltr'>Oud.</span> <span class='ocrx_word' id='word_1_9' title='bbox 1524 154 1550 178; x_wconf 79' lang='grc' dir='ltr'><em>Ε</em></span> 
     </span>
     <span class='ocr_line' id='line_1_3' title="bbox 167 186 1510 240; baseline -0.003 -12"><span class='ocrx_word' id='word_1_10' title='bbox 167 202 320 228; x_wconf 88' lang='lat' dir='ltr'>mecum</span> <span class='ocrx_word' id='word_1_11' title='bbox 353 189 483 240; x_wconf 87' lang='lat' dir='ltr'>cogito</span> <span class='ocrx_word' id='word_1_12' title='bbox 517 191 634 238; x_wconf 88' lang='lat' dir='ltr'>atque</span> <span class='ocrx_word' id='word_1_13' title='bbox 667 189 708 226; x_wconf 89' lang='lat' dir='ltr'>in</span> <span class='ocrx_word' id='word_1_14' title='bbox 741 189 909 226; x_wconf 87' lang='lat' dir='ltr'>alterum</span> <span class='ocrx_word' id='word_1_15' title='bbox 941 188 1043 226; x_wconf 90' lang='lat' dir='ltr'>diem</span> <span class='ocrx_word' id='word_1_16' title='bbox 1076 188 1223 226; x_wconf 84' lang='lat' dir='ltr'>auxilio</span> <span class='ocrx_word' id='word_1_17' title='bbox 1254 189 1402 225; x_wconf 88' lang='lat' dir='ltr'>rosario</span> <span class='ocrx_word' id='word_1_18' title='bbox 1435 186 1510 224; x_wconf 92' lang='lat' dir='ltr'>Lu-</span> 
     </span>
    </p>
   </div>
   <div class='ocr_carea' id='block_1_3' title="bbox 95 246 1568 1904">
    <p class='ocr_par' dir='ltr' id='par_1_3' title="bbox 95 246 1568 1904">
     <span class='ocr_line' id='line_1_4' title="bbox 168 246 1511 298; baseline -0.002 -11"><span class='ocrx_word' id='word_1_19' title='bbox 168 251 249 288; x_wconf 85' lang='lat' dir='ltr'>cius</span> <span class='ocrx_word' id='word_1_20' title='bbox 276 249 401 287; x_wconf 88' lang='lat' dir='ltr'>denuo</span> <span class='ocrx_word' id='word_1_21' title='bbox 428 250 583 286; x_wconf 88' lang='lat' dir='ltr'>futurus</span> <span class='ocrx_word' id='word_1_22' title='bbox 610 249 703 297; x_wconf 86' lang='lat' dir='ltr'>equi</span> <span class='ocrx_word' id='word_1_23' title='bbox 729 248 868 298; x_wconf 88' lang='lat' dir='ltr'>perfidi</span> <span class='ocrx_word' id='word_1_24' title='bbox 892 248 1109 286; x_wconf 87' lang='lat' dir='ltr'>uindictam</span> <span class='ocrx_word' id='word_1_25' title='bbox 1135 246 1313 291; x_wconf 88' lang='lat' dir='ltr'>meditor,</span> <span class='ocrx_word' id='word_1_26' title='bbox 1344 246 1511 296; x_wconf 81' lang='lat' dir='ltr'>respicio</span> 
     </span>
     <span class='ocr_line' id='line_1_5' title="bbox 166 306 1512 359; baseline -0.001 -13"><span class='ocrx_word' id='word_1_27' title='bbox 166 309 270 359; x_wconf 88' lang='lat' dir='ltr'>pilae</span> <span class='ocrx_word' id='word_1_28' title='bbox 302 309 466 356; x_wconf 87' lang='lat' dir='ltr'>mediae,</span> <span class='ocrx_word' id='word_1_29' title='bbox 499 320 600 357; x_wconf 85' lang='lat' dir='ltr'>quae</span> <span class='ocrx_word' id='word_1_30' title='bbox 633 307 778 345; x_wconf 76' lang='lat' dir='ltr'>stabuli</span> <span class='ocrx_word' id='word_1_31' title='bbox 809 308 940 345; x_wconf 89' lang='lat' dir='ltr'>trabes</span> <span class='ocrx_word' id='word_1_32' title='bbox 972 307 1208 355; x_wconf 87' lang='lat' dir='ltr'>sustinebat,</span> <span class='ocrx_word' id='word_1_33' title='bbox 1242 307 1284 343; x_wconf 87' lang='lat' dir='ltr'>in</span> <span class='ocrx_word' id='word_1_34' title='bbox 1315 306 1401 355; x_wconf 85' lang='lat' dir='ltr'>ipso</span> <span class='ocrx_word' id='word_1_35' title='bbox 1433 307 1512 344; x_wconf 87' lang='lat' dir='ltr'>fere</span> 
     </span>
     <span class='ocr_line' id='line_1_6' title="bbox 96 366 1512 416; baseline -0.003 -10"><span class='ocrx_word' id='word_1_36' title='bbox 96 379 149 402; x_wconf 78' lang='lat'>226</span> <span class='ocrx_word' id='word_1_37' title='bbox 167 368 387 406; x_wconf 84' lang='lat' dir='ltr'>meditullio</span> <span class='ocrx_word' id='word_1_38' title='bbox 432 368 593 416; x_wconf 81' lang='lat' dir='ltr'>Eponae</span> <span class='ocrx_word' id='word_1_39' title='bbox 644 367 738 404; x_wconf 80' lang='lat' dir='ltr'>deae</span> <span class='ocrx_word' id='word_1_40' title='bbox 788 367 1041 405; x_wconf 89' lang='lat' dir='ltr'>simulacrum</span> <span class='ocrx_word' id='word_1_41' title='bbox 1084 366 1256 404; x_wconf 80' lang='lat' dir='ltr'>residens</span> <span class='ocrx_word' id='word_1_42' title='bbox 1301 366 1512 413; x_wconf 76' lang='lat' dir='ltr'>aediculae,</span> 
     </span>
     <span class='ocr_line' id='line_1_7' title="bbox 132 425 1513 477; baseline 0 -15"><span class='ocrx_word' id='word_1_43' title='bbox 132 437 146 462; x_wconf 86' lang='lat'><strong>5</strong></span> <span class='ocrx_word' id='word_1_44' title='bbox 168 427 273 477; x_wconf 89' lang='lat' dir='ltr'>quod</span> <span class='ocrx_word' id='word_1_45' title='bbox 320 429 501 465; x_wconf 87' lang='lat' dir='ltr'>accurate</span> <span class='ocrx_word' id='word_1_46' title='bbox 544 426 700 464; x_wconf 86' lang='lat' dir='ltr'>corollis</span> <span class='ocrx_word' id='word_1_47' title='bbox 743 428 863 465; x_wconf 89' lang='lat' dir='ltr'>roseis</span> <span class='ocrx_word' id='word_1_48' title='bbox 910 427 1090 475; x_wconf 83' lang='lat' dir='ltr'>equidem</span> <span class='ocrx_word' id='word_1_49' title='bbox 1127 425 1346 463; x_wconf 71' lang='lat' dir='ltr'>recentibus</span> <span class='ocrx_word' id='word_1_50' title='bbox 1384 425 1513 462; x_wconf 85' lang='lat' dir='ltr'>fuerat</span> 
     </span>
     <span class='ocr_line' id='line_1_8' title="bbox 167 484 1513 536; baseline -0.002 -12"><span class='ocrx_word' id='word_1_51' title='bbox 167 489 360 525; x_wconf 87' lang='lat' dir='ltr'>ornatum.</span> <span class='ocrx_word' id='word_1_52' title='bbox 423 486 589 535; x_wconf 88' lang='lat' dir='ltr'>denique</span> <span class='ocrx_word' id='word_1_53' title='bbox 623 486 785 536; x_wconf 78' lang='lat' dir='ltr'>adgnito</span> <span class='ocrx_word' id='word_1_54' title='bbox 819 486 983 523; x_wconf 88' lang='lat' dir='ltr'>salutari</span> <span class='ocrx_word' id='word_1_55' title='bbox 1016 485 1210 535; x_wconf 88' lang='lat' dir='ltr'>praesidio</span> <span class='ocrx_word' id='word_1_56' title='bbox 1241 497 1388 534; x_wconf 90' lang='lat' dir='ltr'>pronus</span> <span class='ocrx_word' id='word_1_57' title='bbox 1419 484 1513 533; x_wconf 87' lang='lat' dir='ltr'>spei,</span> 
     </span>
     <span class='ocr_line' id='line_1_9' title="bbox 167 545 1512 596; baseline -0.003 -12"><span class='ocrx_word' id='word_1_58' title='bbox 167 548 359 596; x_wconf 86' lang='lat' dir='ltr'>quantum</span> <span class='ocrx_word' id='word_1_59' title='bbox 386 546 555 584; x_wconf 87' lang='lat' dir='ltr'>extensis</span> <span class='ocrx_word' id='word_1_60' title='bbox 582 545 778 595; x_wconf 82' lang='lat' dir='ltr'>prioribus</span> <span class='ocrx_word' id='word_1_61' title='bbox 804 545 968 594; x_wconf 84' lang='lat' dir='ltr'>pedibus</span> <span class='ocrx_word' id='word_1_62' title='bbox 990 546 1115 583; x_wconf 87' lang='lat' dir='ltr'>adniti</span> <span class='ocrx_word' id='word_1_63' title='bbox 1136 547 1326 594; x_wconf 83' lang='lat' dir='ltr'>poteram,</span> <span class='ocrx_word' id='word_1_64' title='bbox 1352 545 1512 593; x_wconf 82' lang='lat' dir='ltr'>insurgo</span> 
     </span>
     <span class='ocr_line' id='line_1_10' title="bbox 166 602 1513 654; baseline -0.001 -11"><span class='ocrx_word' id='word_1_65' title='bbox 166 606 299 644; x_wconf 86' lang='lat' dir='ltr'>ualide</span> <span class='ocrx_word' id='word_1_66' title='bbox 357 607 395 643; x_wconf 88' lang='lat' dir='ltr'>et</span> <span class='ocrx_word' id='word_1_67' title='bbox 448 607 599 643; x_wconf 88' lang='lat' dir='ltr'>ceruice</span> <span class='ocrx_word' id='word_1_68' title='bbox 648 605 802 654; x_wconf 87' lang='lat' dir='ltr'>prolixa</span> <span class='ocrx_word' id='word_1_69' title='bbox 851 605 1095 654; x_wconf 86' lang='lat' dir='ltr'>nimiumque</span> <span class='ocrx_word' id='word_1_70' title='bbox 1146 605 1335 653; x_wconf 74' lang='lat' dir='ltr'>porrectis</span> <span class='ocrx_word' id='word_1_71' title='bbox 1385 602 1513 650; x_wconf 82' lang='lat' dir='ltr'>labiis,</span> 
     </span>
     <span class='ocr_line' id='line_1_11' title="bbox 95 662 1514 715; baseline -0.003 -12"><span class='ocrx_word' id='word_1_72' title='bbox 95 674 147 699; x_wconf 89' lang='grc'>227</span> <span class='ocrx_word' id='word_1_73' title='bbox 168 667 316 715; x_wconf 87' lang='lat' dir='ltr'>quanto</span> <span class='ocrx_word' id='word_1_74' title='bbox 354 665 522 703; x_wconf 80' lang='lat' dir='ltr'>maxime</span> <span class='ocrx_word' id='word_1_75' title='bbox 559 664 649 702; x_wconf 84' lang='lat' dir='ltr'>nisu</span> <span class='ocrx_word' id='word_1_76' title='bbox 681 666 872 713; x_wconf 83' lang='lat' dir='ltr'>poteram,</span> <span class='ocrx_word' id='word_1_77' title='bbox 904 665 1071 702; x_wconf 87' lang='lat' dir='ltr'>corollas</span> <span class='ocrx_word' id='word_1_78' title='bbox 1104 663 1347 713; x_wconf 86' lang='lat' dir='ltr'>adpetebam.</span> <span class='ocrx_word' id='word_1_79' title='bbox 1411 662 1514 711; x_wconf 85' lang='lat' dir='ltr'>quod</span> 
     </span>
     <span class='ocr_line' id='line_1_12' title="bbox 115 722 1514 774; baseline -0.001 -14"><span class='ocrx_word' id='word_1_80' title='bbox 115 734 147 759; x_wconf 91' lang='lat'>10</span> <span class='ocrx_word' id='word_1_81' title='bbox 167 738 227 762; x_wconf 89' lang='lat' dir='ltr'>me</span> <span class='ocrx_word' id='word_1_82' title='bbox 273 725 443 774; x_wconf 88' lang='lat' dir='ltr'>pessima</span> <span class='ocrx_word' id='word_1_83' title='bbox 487 724 638 762; x_wconf 88' lang='lat' dir='ltr'>scilicet</span> <span class='ocrx_word' id='word_1_84' title='bbox 675 726 778 762; x_wconf 89' lang='lat' dir='ltr'>sorte</span> <span class='ocrx_word' id='word_1_85' title='bbox 817 725 1023 761; x_wconf 75' lang='lat' dir='ltr'>conantem</span> <span class='ocrx_word' id='word_1_86' title='bbox 1061 723 1240 761; x_wconf 90' lang='lat' dir='ltr'>seruulus</span> <span class='ocrx_word' id='word_1_87' title='bbox 1278 734 1407 771; x_wconf 84' lang='lat' dir='ltr'>meus,</span> <span class='ocrx_word' id='word_1_88' title='bbox 1452 722 1514 758; x_wconf 91' lang='lat' dir='ltr'>cui</span> 
     </span>
     <span class='ocr_line' id='line_1_13' title="bbox 167 782 1514 834; baseline -0.002 -13"><span class='ocrx_word' id='word_1_89' title='bbox 167 797 320 834; x_wconf 84' lang='lat' dir='ltr'>semper</span> <span class='ocrx_word' id='word_1_90' title='bbox 352 785 443 833; x_wconf 88' lang='lat' dir='ltr'>equi</span> <span class='ocrx_word' id='word_1_91' title='bbox 474 796 568 821; x_wconf 86' lang='lat' dir='ltr'>cura</span> <span class='ocrx_word' id='word_1_92' title='bbox 600 783 787 821; x_wconf 85' lang='lat' dir='ltr'>mandata</span> <span class='ocrx_word' id='word_1_93' title='bbox 818 784 959 832; x_wconf 88' lang='lat' dir='ltr'>fuerat,</span> <span class='ocrx_word' id='word_1_94' title='bbox 991 785 1150 833; x_wconf 85' lang='lat' dir='ltr'>repente</span> <span class='ocrx_word' id='word_1_95' title='bbox 1183 782 1424 831; x_wconf 84' lang='lat' dir='ltr'>conspiciens</span> <span class='ocrx_word' id='word_1_96' title='bbox 1456 782 1514 818; x_wconf 91' lang='lat' dir='ltr'>in-</span> 
     </span>
     <span class='ocr_line' id='line_1_14' title="bbox 167 838 1513 894; baseline -0.003 -13"><span class='ocrx_word' id='word_1_97' title='bbox 167 844 352 894; x_wconf 86' lang='lat' dir='ltr'>dignatus</span> <span class='ocrx_word' id='word_1_98' title='bbox 385 844 540 894; x_wconf 82' lang='lat' dir='ltr'>exurgit</span> <span class='ocrx_word' id='word_1_99' title='bbox 572 845 626 881; x_wconf 90' lang='lat' dir='ltr'>et:</span> <span class='ocrx_word' id='word_1_100' title='bbox 661 840 753 892; x_wconf 73' lang='lat' dir='ltr'>‘quo</span> <span class='ocrx_word' id='word_1_101' title='bbox 786 855 910 892; x_wconf 87' lang='lat' dir='ltr'>usque</span> <span class='ocrx_word' id='word_1_102' title='bbox 942 839 1129 891; x_wconf 86' lang='lat' dir='ltr'>tandem’,</span> <span class='ocrx_word' id='word_1_103' title='bbox 1160 843 1308 891; x_wconf 88' lang='lat' dir='ltr'>inquit,</span> <span class='ocrx_word' id='word_1_104' title='bbox 1342 838 1513 879; x_wconf 76' lang='lat' dir='ltr'>‘canthe-</span> 
     </span>
     <span class='ocr_line' id='line_1_15' title="bbox 166 896 1513 954; baseline -0.002 -14"><span class='ocrx_word' id='word_1_105' title='bbox 166 903 268 940; x_wconf 87' lang='lat' dir='ltr'>rium</span> <span class='ocrx_word' id='word_1_106' title='bbox 318 903 516 952; x_wconf 88' lang='lat' dir='ltr'>patiemur</span> <span class='ocrx_word' id='word_1_107' title='bbox 558 904 681 940; x_wconf 88' lang='lat' dir='ltr'>istum</span> <span class='ocrx_word' id='word_1_108' title='bbox 724 903 843 952; x_wconf 88' lang='lat' dir='ltr'>paulo</span> <span class='ocrx_word' id='word_1_109' title='bbox 890 903 980 940; x_wconf 88' lang='lat' dir='ltr'>ante</span> <span class='ocrx_word' id='word_1_110' title='bbox 1025 902 1182 940; x_wconf 87' lang='lat' dir='ltr'>cibariis</span> <span class='ocrx_word' id='word_1_111' title='bbox 1225 896 1513 954; x_wconf 49' lang='lat' dir='ltr'>iuffimeffiorum,</span> 
     </span>
     <span class='ocr_line' id='line_1_16' title="bbox 166 961 1513 1011; baseline -0.002 -11"><span class='ocrx_word' id='word_1_112' title='bbox 166 975 269 1000; x_wconf 91' lang='lat' dir='ltr'>nunc</span> <span class='ocrx_word' id='word_1_113' title='bbox 307 964 427 1000; x_wconf 87' lang='lat' dir='ltr'>etiam</span> <span class='ocrx_word' id='word_1_114' title='bbox 468 963 686 1000; x_wconf 81' lang='lat' dir='ltr'>simulacris</span> <span class='ocrx_word' id='word_1_115' title='bbox 725 962 885 1000; x_wconf 89' lang='lat' dir='ltr'>deorum</span> <span class='ocrx_word' id='word_1_116' title='bbox 923 961 1137 1000; x_wconf 75' lang='lat' dir='ltr'>infestum?</span> <span class='ocrx_word' id='word_1_117' title='bbox 1200 961 1293 1011; x_wconf 90' lang='lat' dir='ltr'>quin</span> <span class='ocrx_word' id='word_1_118' title='bbox 1332 961 1410 998; x_wconf 89' lang='lat' dir='ltr'>iam</span> <span class='ocrx_word' id='word_1_119' title='bbox 1443 972 1513 1010; x_wconf 87' lang='lat' dir='ltr'>ego</span> 
     </span>
     <span class='ocr_line' id='line_1_17' title="bbox 114 1017 1513 1072; baseline 0 -16"><span class='ocrx_word' id='word_1_120' title='bbox 114 1031 146 1057; x_wconf 87' lang='lat'>15</span> <span class='ocrx_word' id='word_1_121' title='bbox 167 1022 287 1060; x_wconf 89' lang='lat' dir='ltr'>istum</span> <span class='ocrx_word' id='word_1_122' title='bbox 320 1022 554 1072; x_wconf 85' lang='lat' dir='ltr'>sacrilegum</span> <span class='ocrx_word' id='word_1_123' title='bbox 587 1021 754 1059; x_wconf 85' lang='lat' dir='ltr'>debilem</span> <span class='ocrx_word' id='word_1_124' title='bbox 786 1021 1049 1070; x_wconf 87' lang='lat' dir='ltr'>claudumque</span> <span class='ocrx_word' id='word_1_125' title='bbox 1080 1017 1275 1068; x_wconf 80' lang='lat' dir='ltr'>reddam&#39;3</span> <span class='ocrx_word' id='word_1_126' title='bbox 1309 1022 1347 1058; x_wconf 90' lang='lat' dir='ltr'>et</span> <span class='ocrx_word' id='word_1_127' title='bbox 1379 1021 1513 1058; x_wconf 85' lang='lat' dir='ltr'>statim</span> 
     </span>
     <span class='ocr_line' id='line_1_18' title="bbox 166 1078 1514 1131; baseline -0.002 -12"><span class='ocrx_word' id='word_1_128' title='bbox 166 1082 291 1119; x_wconf 87' lang='lat' dir='ltr'>telum</span> <span class='ocrx_word' id='word_1_129' title='bbox 329 1082 493 1130; x_wconf 85' lang='lat' dir='ltr'>aliquod</span> <span class='ocrx_word' id='word_1_130' title='bbox 531 1083 760 1130; x_wconf 76' lang='lat' dir='ltr'>quaeritans</span> <span class='ocrx_word' id='word_1_131' title='bbox 797 1078 994 1131; x_wconf 72' lang='lat' dir='ltr'>&lt;t&gt;emere</span> <span class='ocrx_word' id='word_1_132' title='bbox 1024 1082 1178 1118; x_wconf 76' lang='lat' dir='ltr'>&#39;fascem</span> <span class='ocrx_word' id='word_1_133' title='bbox 1217 1081 1412 1131; x_wconf 85' lang='lat' dir='ltr'>lignorum</span> <span class='ocrx_word' id='word_1_134' title='bbox 1448 1092 1514 1129; x_wconf 93' lang='lat' dir='ltr'>po-</span> 
     </span>
     <span class='ocr_line' id='line_1_19' title="bbox 96 1140 1514 1190; baseline 0.002 -17"><span class='ocrx_word' id='word_1_135' title='bbox 96 1151 148 1175; x_wconf 80' lang='lat'>228</span> <span class='ocrx_word' id='word_1_136' title='bbox 169 1142 287 1179; x_wconf 86' lang='lat' dir='ltr'>situm</span> <span class='ocrx_word' id='word_1_137' title='bbox 329 1141 490 1179; x_wconf 87' lang='lat' dir='ltr'>offendit</span> <span class='ocrx_word' id='word_1_138' title='bbox 527 1142 772 1190; x_wconf 83' lang='lat' dir='ltr'>rimatusque</span> <span class='ocrx_word' id='word_1_139' title='bbox 810 1140 1039 1178; x_wconf 87' lang='lat' dir='ltr'>frondosum</span> <span class='ocrx_word' id='word_1_140' title='bbox 1077 1140 1220 1178; x_wconf 88' lang='lat' dir='ltr'>fustem</span> <span class='ocrx_word' id='word_1_141' title='bbox 1258 1140 1409 1178; x_wconf 84' lang='lat' dir='ltr'>cunctis</span> <span class='ocrx_word' id='word_1_142' title='bbox 1447 1152 1514 1176; x_wconf 86' lang='lat' dir='ltr'>ua-</span> 
     </span>
     <span class='ocr_line' id='line_1_20' title="bbox 169 1199 1515 1249; baseline -0.002 -11"><span class='ocrx_word' id='word_1_143' title='bbox 169 1202 330 1239; x_wconf 90' lang='lat' dir='ltr'>stiorem</span> <span class='ocrx_word' id='word_1_144' title='bbox 356 1214 433 1238; x_wconf 90' lang='lat' dir='ltr'>non</span> <span class='ocrx_word' id='word_1_145' title='bbox 460 1202 568 1249; x_wconf 89' lang='lat' dir='ltr'>prius</span> <span class='ocrx_word' id='word_1_146' title='bbox 594 1200 779 1239; x_wconf 88' lang='lat' dir='ltr'>miserum</span> <span class='ocrx_word' id='word_1_147' title='bbox 804 1213 866 1238; x_wconf 90' lang='lat' dir='ltr'>me</span> <span class='ocrx_word' id='word_1_148' title='bbox 892 1200 1055 1238; x_wconf 88' lang='lat' dir='ltr'>tundere</span> <span class='ocrx_word' id='word_1_149' title='bbox 1082 1200 1210 1247; x_wconf 85' lang='lat' dir='ltr'>desiit,</span> <span class='ocrx_word' id='word_1_150' title='bbox 1241 1211 1358 1248; x_wconf 88' lang='lat' dir='ltr'>quam</span> <span class='ocrx_word' id='word_1_151' title='bbox 1385 1199 1515 1236; x_wconf 88' lang='lat' dir='ltr'>sonitu</span> 
     </span>
     <span class='ocr_line' id='line_1_21' title="bbox 169 1257 1514 1311; baseline -0.001 -14"><span class='ocrx_word' id='word_1_152' title='bbox 169 1260 391 1298; x_wconf 87' lang='lat' dir='ltr'>uehementi</span> <span class='ocrx_word' id='word_1_153' title='bbox 436 1262 475 1298; x_wconf 90' lang='lat' dir='ltr'>et</span> <span class='ocrx_word' id='word_1_154' title='bbox 518 1260 629 1310; x_wconf 86' lang='lat' dir='ltr'>largo</span> <span class='ocrx_word' id='word_1_155' title='bbox 673 1257 898 1311; x_wconf 70' lang='lat' dir='ltr'>st&lt;r&gt;epitu</span> <span class='ocrx_word' id='word_1_156' title='bbox 939 1260 1133 1308; x_wconf 86' lang='lat' dir='ltr'>percussis</span> <span class='ocrx_word' id='word_1_157' title='bbox 1172 1259 1317 1306; x_wconf 85' lang='lat' dir='ltr'>ianuis,</span> <span class='ocrx_word' id='word_1_158' title='bbox 1361 1257 1514 1307; x_wconf 87' lang='lat' dir='ltr'>trepido</span> 
     </span>
     <span class='ocr_line' id='line_1_22' title="bbox 115 1315 1513 1370; baseline -0.001 -14"><span class='ocrx_word' id='word_1_159' title='bbox 115 1329 148 1354; x_wconf 79' lang='lat'>20</span> <span class='ocrx_word' id='word_1_160' title='bbox 169 1319 286 1357; x_wconf 85' lang='lat' dir='ltr'>etiam</span> <span class='ocrx_word' id='word_1_161' title='bbox 331 1332 487 1357; x_wconf 90' lang='lat' dir='ltr'>rumore</span> <span class='ocrx_word' id='word_1_162' title='bbox 531 1316 755 1370; x_wconf 69' lang='lat' dir='ltr'>uicin&lt;i&gt;ae</span> <span class='ocrx_word' id='word_1_163' title='bbox 800 1315 1122 1370; x_wconf 88' lang='lat' dir='ltr'>conclama[n]tis</span> <span class='ocrx_word' id='word_1_164' title='bbox 1165 1318 1384 1356; x_wconf 85' lang='lat' dir='ltr'>latronibus</span> <span class='ocrx_word' id='word_1_165' title='bbox 1426 1330 1513 1366; x_wconf 90' lang='lat' dir='ltr'>pro-</span> 
     </span>
     <span class='ocr_line' id='line_1_23' title="bbox 97 1377 1568 1429; baseline -0.001 -13"><span class='ocrx_word' id='word_1_166' title='bbox 97 1386 146 1421; x_wconf 77' lang='lat'>28</span> <span class='ocrx_word' id='word_1_167' title='bbox 167 1380 272 1429; x_wconf 87' lang='lat' dir='ltr'>fugit</span> <span class='ocrx_word' id='word_1_168' title='bbox 297 1380 470 1417; x_wconf 87' lang='lat' dir='ltr'>territus.</span> <span class='ocrx_word' id='word_1_169' title='bbox 524 1391 594 1417; x_wconf 91' lang='lat' dir='ltr'>nec</span> <span class='ocrx_word' id='word_1_170' title='bbox 619 1392 740 1429; x_wconf 78' lang='lat' dir='ltr'>mora,</span> <span class='ocrx_word' id='word_1_171' title='bbox 767 1392 855 1416; x_wconf 87' lang='lat' dir='ltr'>cum</span> <span class='ocrx_word' id='word_1_172' title='bbox 881 1380 925 1416; x_wconf 89' lang='lat' dir='ltr'>ui</span> <span class='ocrx_word' id='word_1_173' title='bbox 950 1378 1161 1428; x_wconf 85' lang='lat' dir='ltr'>patefactis</span> <span class='ocrx_word' id='word_1_174' title='bbox 1187 1378 1347 1416; x_wconf 88' lang='lat' dir='ltr'>aedibus</span> <span class='ocrx_word' id='word_1_175' title='bbox 1374 1377 1514 1428; x_wconf 82' lang='lat' dir='ltr'>globus</span> <span class='ocrx_word' id='word_1_176' title='bbox 1535 1388 1568 1411; x_wconf 80' lang='lat'>55</span> 
     </span>
     <span class='ocr_line' id='line_1_24' title="bbox 167 1437 1517 1489; baseline -0.001 -14"><span class='ocrx_word' id='word_1_177' title='bbox 167 1439 365 1476; x_wconf 89' lang='lat' dir='ltr'>latronum</span> <span class='ocrx_word' id='word_1_178' title='bbox 403 1439 560 1476; x_wconf 86' lang='lat' dir='ltr'>inuadit</span> <span class='ocrx_word' id='word_1_179' title='bbox 595 1439 725 1476; x_wconf 86' lang='lat' dir='ltr'>omnia</span> <span class='ocrx_word' id='word_1_180' title='bbox 758 1440 797 1476; x_wconf 91' lang='lat' dir='ltr'>et</span> <span class='ocrx_word' id='word_1_181' title='bbox 829 1438 985 1489; x_wconf 86' lang='lat' dir='ltr'>singula</span> <span class='ocrx_word' id='word_1_182' title='bbox 1017 1438 1154 1476; x_wconf 88' lang='lat' dir='ltr'>domus</span> <span class='ocrx_word' id='word_1_183' title='bbox 1186 1437 1362 1475; x_wconf 89' lang='lat' dir='ltr'>membra</span> <span class='ocrx_word' id='word_1_184' title='bbox 1393 1437 1517 1487; x_wconf 86' lang='lat' dir='ltr'>cingit</span> 
     </span>
     <span class='ocr_line' id='line_1_25' title="bbox 168 1496 1516 1536; baseline -0.002 -1"><span class='ocrx_word' id='word_1_185' title='bbox 168 1500 322 1535; x_wconf 88' lang='lat' dir='ltr'>armata</span> <span class='ocrx_word' id='word_1_186' title='bbox 360 1498 480 1536; x_wconf 86' lang='lat' dir='ltr'>factio</span> <span class='ocrx_word' id='word_1_187' title='bbox 519 1502 558 1535; x_wconf 92' lang='lat' dir='ltr'>et</span> <span class='ocrx_word' id='word_1_188' title='bbox 590 1499 749 1535; x_wconf 81' lang='lat' dir='ltr'>auxiliis</span> <span class='ocrx_word' id='word_1_189' title='bbox 781 1498 872 1536; x_wconf 88' lang='lat' dir='ltr'>hinc</span> <span class='ocrx_word' id='word_1_190' title='bbox 903 1497 993 1535; x_wconf 91' lang='lat' dir='ltr'>inde</span> <span class='ocrx_word' id='word_1_191' title='bbox 1027 1497 1326 1536; x_wconf 88' lang='lat' dir='ltr'>conuolantibus</span> <span class='ocrx_word' id='word_1_192' title='bbox 1359 1496 1516 1535; x_wconf 85' lang='lat' dir='ltr'>obsistit</span> 
     </span>
     <span class='ocr_line' id='line_1_26' title="bbox 96 1547 1514 1608; baseline -0.002 -13"><span class='ocrx_word' id='word_1_193' title='bbox 96 1567 149 1591; x_wconf 83' lang='lat'>229</span> <span class='ocrx_word' id='word_1_194' title='bbox 169 1558 366 1596; x_wconf 81' lang='lat' dir='ltr'>discursus</span> <span class='ocrx_word' id='word_1_195' title='bbox 393 1558 559 1595; x_wconf 90' lang='lat' dir='ltr'>hostilis.</span> <span class='ocrx_word' id='word_1_196' title='bbox 592 1559 723 1595; x_wconf 91' lang='lat' dir='ltr'>cuncti</span> <span class='ocrx_word' id='word_1_197' title='bbox 749 1557 891 1608; x_wconf 86' lang='lat' dir='ltr'>gladiis</span> <span class='ocrx_word' id='word_1_198' title='bbox 919 1559 957 1594; x_wconf 89' lang='lat' dir='ltr'>et</span> <span class='ocrx_word' id='word_1_199' title='bbox 983 1557 1135 1595; x_wconf 86' lang='lat' dir='ltr'>facibus</span> <span class='ocrx_word' id='word_1_200' title='bbox 1158 1547 1342 1595; x_wconf 79' lang='lat' dir='ltr'>instructi</span> <span class='ocrx_word' id='word_1_201' title='bbox 1361 1558 1514 1594; x_wconf 82' lang='lat' dir='ltr'>noctem</span> 
     </span>
     <span class='ocr_line' id='line_1_27' title="bbox 114 1616 1514 1667; baseline -0.001 -14"><span class='ocrx_word' id='word_1_202' title='bbox 114 1626 146 1651; x_wconf 81' lang='lat'>25</span> <span class='ocrx_word' id='word_1_203' title='bbox 167 1617 409 1665; x_wconf 87' lang='lat' dir='ltr'>illuminant,</span> <span class='ocrx_word' id='word_1_204' title='bbox 442 1619 622 1655; x_wconf 88' lang='lat' dir='ltr'>coruscat</span> <span class='ocrx_word' id='word_1_205' title='bbox 653 1617 693 1654; x_wconf 89' lang='lat' dir='ltr'>in</span> <span class='ocrx_word' id='word_1_206' title='bbox 724 1617 883 1655; x_wconf 88' lang='lat' dir='ltr'>modum</span> <span class='ocrx_word' id='word_1_207' title='bbox 910 1617 1030 1654; x_wconf 71' lang='lat' dir='ltr'>ortiui</span> <span class='ocrx_word' id='word_1_208' title='bbox 1057 1617 1150 1654; x_wconf 83' lang='lat' dir='ltr'>solis</span> <span class='ocrx_word' id='word_1_209' title='bbox 1176 1616 1278 1667; x_wconf 87' lang='lat' dir='ltr'>ignis</span> <span class='ocrx_word' id='word_1_210' title='bbox 1306 1617 1345 1654; x_wconf 92' lang='lat' dir='ltr'>et</span> <span class='ocrx_word' id='word_1_211' title='bbox 1370 1627 1514 1653; x_wconf 79' lang='lat' dir='ltr'>mucro,</span> 
     </span>
     <span class='ocr_line' id='line_1_28' title="bbox 166 1675 1513 1726; baseline -0.001 -13"><span class='ocrx_word' id='word_1_212' title='bbox 166 1678 261 1714; x_wconf 89' lang='lat' dir='ltr'>tunc</span> <span class='ocrx_word' id='word_1_213' title='bbox 304 1678 490 1715; x_wconf 87' lang='lat' dir='ltr'>horreum</span> <span class='ocrx_word' id='word_1_214' title='bbox 534 1676 731 1726; x_wconf 86' lang='lat' dir='ltr'>quoddam</span> <span class='ocrx_word' id='word_1_215' title='bbox 769 1677 865 1714; x_wconf 90' lang='lat' dir='ltr'>satis</span> <span class='ocrx_word' id='word_1_216' title='bbox 902 1676 1047 1714; x_wconf 88' lang='lat' dir='ltr'>ualidis</span> <span class='ocrx_word' id='word_1_217' title='bbox 1086 1675 1268 1713; x_wconf 82' lang='lat' dir='ltr'>claustris</span> <span class='ocrx_word' id='word_1_218' title='bbox 1305 1675 1513 1724; x_wconf 87' lang='lat' dir='ltr'>obseptum</span> 
     </span>
     <span class='ocr_line' id='line_1_29' title="bbox 167 1730 1510 1786; baseline -0.001 -13"><span class='ocrx_word' id='word_1_219' title='bbox 167 1736 490 1785; x_wconf 88' lang='lat' dir='ltr'>obseratumque,</span> <span class='ocrx_word' id='word_1_220' title='bbox 534 1736 639 1785; x_wconf 87' lang='lat' dir='ltr'>quod</span> <span class='ocrx_word' id='word_1_221' title='bbox 681 1736 820 1774; x_wconf 90' lang='lat' dir='ltr'>mediis</span> <span class='ocrx_word' id='word_1_222' title='bbox 865 1735 1025 1774; x_wconf 87' lang='lat' dir='ltr'>aedibus</span> <span class='ocrx_word' id='word_1_223' title='bbox 1067 1735 1327 1773; x_wconf 83' lang='lat' dir='ltr'>constitutum</span> <span class='ocrx_word' id='word_1_224' title='bbox 1367 1735 1472 1785; x_wconf 88' lang='lat' dir='ltr'>gazis</span> <span class='ocrx_word' id='word_1_225' title='bbox 1509 1730 1510 1786; x_wconf 56' lang='lat' dir='ltr'>l</span> 
     </span>
     <span class='ocr_line' id='line_1_30' title="bbox 166 1793 1516 1845; baseline -0.001 -13"><span class='ocrx_word' id='word_1_226' title='bbox 166 1796 325 1833; x_wconf 90' lang='lat' dir='ltr'>Milonis</span> <span class='ocrx_word' id='word_1_227' title='bbox 362 1796 493 1833; x_wconf 86' lang='lat' dir='ltr'>fuerat</span> <span class='ocrx_word' id='word_1_228' title='bbox 524 1796 731 1844; x_wconf 82' lang='lat' dir='ltr'>refertum,</span> <span class='ocrx_word' id='word_1_229' title='bbox 769 1795 970 1833; x_wconf 87' lang='lat' dir='ltr'>securibus</span> <span class='ocrx_word' id='word_1_230' title='bbox 1002 1795 1147 1833; x_wconf 87' lang='lat' dir='ltr'>ualidis</span> <span class='ocrx_word' id='word_1_231' title='bbox 1181 1793 1354 1845; x_wconf 88' lang='lat' dir='ltr'>adgressi</span> <span class='ocrx_word' id='word_1_232' title='bbox 1387 1793 1516 1832; x_wconf 85' lang='lat' dir='ltr'>diffin-</span> 
     </span>
     <span class='ocr_line' id='line_1_31' title="bbox 167 1853 1514 1904; baseline -0.001 -13"><span class='ocrx_word' id='word_1_233' title='bbox 167 1854 275 1893; x_wconf 87' lang='lat' dir='ltr'>dunt.</span> <span class='ocrx_word' id='word_1_234' title='bbox 340 1868 415 1903; x_wconf 92' lang='lat' dir='ltr'>quo</span> <span class='ocrx_word' id='word_1_235' title='bbox 454 1856 601 1904; x_wconf 88' lang='lat' dir='ltr'>passim</span> <span class='ocrx_word' id='word_1_236' title='bbox 638 1855 791 1893; x_wconf 87' lang='lat' dir='ltr'>recluso</span> <span class='ocrx_word' id='word_1_237' title='bbox 830 1856 935 1892; x_wconf 86' lang='lat' dir='ltr'>totas</span> <span class='ocrx_word' id='word_1_238' title='bbox 974 1867 1065 1904; x_wconf 91' lang='lat' dir='ltr'>opes</span> <span class='ocrx_word' id='word_1_239' title='bbox 1104 1855 1252 1892; x_wconf 89' lang='lat' dir='ltr'>uehunt</span> <span class='ocrx_word' id='word_1_240' title='bbox 1289 1853 1514 1902; x_wconf 89' lang='lat' dir='ltr'>raptimque</span> 
     </span>
    </p>
   </div>
   <div class='ocr_carea' id='block_1_4' title="bbox 161 1979 1514 2122">
    <p class='ocr_par' dir='ltr' id='par_1_4' title="bbox 161 1979 1514 2122">
     <span class='ocr_line' id='line_1_32' title="bbox 262 1979 1512 2025; baseline -0.001 -12"><span class='ocrx_word' id='word_1_241' title='bbox 262 1979 288 2012; x_wconf 87' lang='lat' dir='ltr'><strong>F</strong></span> <span class='ocrx_word' id='word_1_242' title='bbox 312 1983 404 2014; x_wconf 65' lang='lat'>138³.</span> <span class='ocrx_word' id='word_1_243' title='bbox 433 1994 460 2023; x_wconf 86' lang='grc' dir='ltr'>φ</span> <span class='ocrx_word' id='word_1_244' title='bbox 483 1981 577 2014; x_wconf 62' lang='lat'>35212.</span> <span class='ocrx_word' id='word_1_245' title='bbox 712 1987 729 2014; x_wconf 79' lang='lat'>5</span> <span class='ocrx_word' id='word_1_246' title='bbox 757 1982 793 2014; x_wconf 84' lang='lat' dir='ltr'>et</span> <span class='ocrx_word' id='word_1_247' title='bbox 818 1980 968 2025; x_wconf 90' lang='lat' dir='ltr'>quidem</span> <span class='ocrx_word' id='word_1_248' title='bbox 998 1981 1131 2015; x_wconf 73' lang='lat' dir='ltr'>Gruter</span> <span class='ocrx_word' id='word_1_249' title='bbox 1257 1987 1291 2012; x_wconf 75' lang='lat'>14</span> <span class='ocrx_word' id='word_1_250' title='bbox 1318 1991 1367 2024; x_wconf 76' lang='lat' dir='ltr'>qn</span> <span class='ocrx_word' id='word_1_251' title='bbox 1393 1979 1430 2012; x_wconf 75' lang='lat' dir='ltr'>ia</span> <span class='ocrx_word' id='word_1_252' title='bbox 1457 1981 1512 2023; x_wconf 84' lang='grc' dir='ltr'>(φ)</span> 
     </span>
     <span class='ocr_line' id='line_1_33' title="bbox 161 2027 1514 2072; baseline -0.001 -10"><span class='ocrx_word' id='word_1_253' title='bbox 161 2038 278 2072; x_wconf 73' lang='lat' dir='ltr'>paene</span> <span class='ocrx_word' id='word_1_254' title='bbox 305 2038 405 2062; x_wconf 70' lang='lat' dir='ltr'>evan.</span> <span class='ocrx_word' id='word_1_255' title='bbox 527 2035 563 2061; x_wconf 78' lang='grc'>16</span> <span class='ocrx_word' id='word_1_256' title='bbox 590 2028 713 2072; x_wconf 86' lang='lat' dir='ltr'>querit</span> <span class='ocrx_word' id='word_1_257' title='bbox 739 2028 807 2062; x_wconf 83' lang='lat' dir='ltr'>ans</span> <span class='ocrx_word' id='word_1_258' title='bbox 829 2038 947 2062; x_wconf 87' lang='lat' dir='ltr'>emere</span> <span class='ocrx_word' id='word_1_259' title='bbox 998 2040 1041 2072; x_wconf 72' lang='lat' dir='ltr'>tp:</span> <span class='ocrx_word' id='word_1_260' title='bbox 1070 2027 1213 2071; x_wconf 70' lang='lat' dir='ltr'>qritans</span> <span class='ocrx_word' id='word_1_261' title='bbox 1234 2028 1371 2061; x_wconf 86' lang='lat' dir='ltr'>temere</span> <span class='ocrx_word' id='word_1_262' title='bbox 1396 2027 1514 2071; x_wconf 81' lang='lat' dir='ltr'>(anst</span> 
     </span>
     <span class='ocr_line' id='line_1_34' title="bbox 166 2074 1514 2122; baseline -0.001 -13"><span class='ocrx_word' id='word_1_263' title='bbox 166 2076 207 2109; x_wconf 75' lang='lat' dir='ltr'>in</span> <span class='ocrx_word' id='word_1_264' title='bbox 233 2075 297 2109; x_wconf 87' lang='lat' dir='ltr'>lac.</span> <span class='ocrx_word' id='word_1_265' title='bbox 325 2086 369 2108; x_wconf 80' lang='lat' dir='ltr'>m.</span> <span class='ocrx_word' id='word_1_266' title='bbox 391 2086 455 2110; x_wconf 82' lang='lat' dir='ltr'>rec.</span> <span class='ocrx_word' id='word_1_267' title='bbox 477 2076 616 2120; x_wconf 78' lang='lat' dir='ltr'>scrips.)</span> <span class='ocrx_word' id='word_1_268' title='bbox 699 2077 836 2110; x_wconf 89' lang='lat' dir='ltr'>temere</span> <span class='ocrx_word' id='word_1_269' title='bbox 864 2075 1072 2122; x_wconf 85' lang='lat' dir='ltr'>&lt;propter&gt;</span> <span class='ocrx_word' id='word_1_270' title='bbox 1099 2079 1182 2110; x_wconf 72' lang='lat' dir='ltr'>ante</span> <span class='ocrx_word' id='word_1_271' title='bbox 1208 2074 1370 2119; x_wconf 83' lang='lat' dir='ltr'>positum</span> <span class='ocrx_word' id='word_1_272' title='bbox 1395 2077 1514 2109; x_wconf 66' lang='lat' dir='ltr'>trans-</span> 
     </span>
    </p>
   </div>
   <div class='ocr_carea' id='block_1_5' title="bbox 161 2130 1407 2191">
    <p class='ocr_par' dir='ltr' id='par_1_5' title="bbox 161 2130 1407 2191">
     <span class='ocr_line' id='line_1_35' title="bbox 161 2130 1407 2191; baseline -0.001 -11"><span class='ocrx_word' id='word_1_273' title='bbox 161 2156 237 2189; x_wconf 79' lang='lat' dir='ltr'>pos.</span> <span class='ocrx_word' id='word_1_274' title='bbox 265 2145 370 2181; x_wconf 78' lang='lat' dir='ltr'>vdVl</span> <span class='ocrx_word' id='word_1_275' title='bbox 395 2148 439 2190; x_wconf 84' lang='lat' dir='ltr'>cf.</span> <span class='ocrx_word' id='word_1_276' title='bbox 469 2148 553 2188; x_wconf 83' lang='lat'><em>65‚5</em></span> <span class='ocrx_word' id='word_1_277' title='bbox 651 2147 749 2181; x_wconf 74' lang='lat' dir='ltr'>farce</span> <span class='ocrx_word' id='word_1_278' title='bbox 776 2148 830 2191; x_wconf 78' lang='grc' dir='ltr'>(φ,</span> <span class='ocrx_word' id='word_1_279' title='bbox 855 2147 916 2181; x_wconf 83' lang='lat' dir='ltr'>sed</span> <span class='ocrx_word' id='word_1_280' title='bbox 943 2147 982 2180; x_wconf 70' lang='lat' dir='ltr'>in</span> <span class='ocrx_word' id='word_1_281' title='bbox 1007 2158 1074 2191; x_wconf 71' lang='lat' dir='ltr'>my.</span> <span class='ocrx_word' id='word_1_282' title='bbox 1102 2146 1186 2180; x_wconf 80' lang='lat' dir='ltr'>add.</span> <span class='ocrx_word' id='word_1_283' title='bbox 1214 2130 1232 2179; x_wconf 63' lang='grc' dir='ltr'><strong>ἓ</strong></span> <span class='ocrx_word' id='word_1_284' title='bbox 1258 2145 1407 2190; x_wconf 81' lang='lat' dir='ltr'>fascem&gt;</span> 
     </span>
    </p>
   </div>
   <div class='ocr_carea' id='block_1_6' title="bbox 166 2186 1513 2333">
    <p class='ocr_par' dir='ltr' id='par_1_6' title="bbox 166 2186 1513 2333">
     <span class='ocr_line' id='line_1_36' title="bbox 166 2186 1513 2238; baseline 0 -13"><span class='ocrx_word' id='word_1_285' title='bbox 166 2199 199 2225; x_wconf 79' lang='grc'>17</span> <span class='ocrx_word' id='word_1_286' title='bbox 228 2192 346 2227; x_wconf 87' lang='lat' dir='ltr'>frond.</span> <span class='ocrx_word' id='word_1_287' title='bbox 374 2195 417 2237; x_wconf 80' lang='lat' dir='ltr'>cf.</span> <span class='ocrx_word' id='word_1_288' title='bbox 448 2186 586 2235; x_wconf 74' lang='lat'><em>165,19&#39;</em></span> <span class='ocrx_word' id='word_1_289' title='bbox 603 2195 735 2237; x_wconf 54' lang='lat'>(1524)</span> <span class='ocrx_word' id='word_1_290' title='bbox 857 2201 892 2227; x_wconf 79' lang='lat'>19</span> <span class='ocrx_word' id='word_1_291' title='bbox 918 2193 1055 2237; x_wconf 80' lang='lat' dir='ltr'>l&#39;tepitu</span> <span class='ocrx_word' id='word_1_292' title='bbox 1081 2205 1143 2228; x_wconf 77' lang='lat' dir='ltr'>em.</span> <span class='ocrx_word' id='word_1_293' title='bbox 1171 2206 1197 2236; x_wconf 85' lang='grc' dir='ltr'><strong>φ</strong></span> <span class='ocrx_word' id='word_1_294' title='bbox 1329 2199 1367 2226; x_wconf 88' lang='grc'><em>20</em></span> <span class='ocrx_word' id='word_1_295' title='bbox 1390 2192 1513 2238; x_wconf 69' lang='lat' dir='ltr'>uicine</span> 
     </span>
     <span class='ocr_line' id='line_1_37' title="bbox 166 2240 1513 2286; baseline -0.001 -12"><span class='ocrx_word' id='word_1_296' title='bbox 166 2241 223 2284; x_wconf 78' lang='grc' dir='ltr'>(φ)</span> <span class='ocrx_word' id='word_1_297' title='bbox 249 2252 311 2275; x_wconf 81' lang='lat' dir='ltr'>em.</span> <span class='ocrx_word' id='word_1_298' title='bbox 338 2252 358 2275; x_wconf 82' lang='lat' dir='ltr'><em>v</em></span> <span class='ocrx_word' id='word_1_299' title='bbox 479 2240 701 2275; x_wconf 56' lang='lat' dir='ltr'>&amp;clamantis</span> <span class='ocrx_word' id='word_1_300' title='bbox 723 2243 778 2286; x_wconf 79' lang='grc' dir='ltr'>(φ)</span> <span class='ocrx_word' id='word_1_301' title='bbox 804 2253 866 2276; x_wconf 84' lang='lat' dir='ltr'>em.</span> <span class='ocrx_word' id='word_1_302' title='bbox 897 2242 980 2276; x_wconf 79' lang='lat' dir='ltr'>Colv</span> <span class='ocrx_word' id='word_1_303' title='bbox 1148 2247 1185 2274; x_wconf 82' lang='grc'><em>25</em></span> <span class='ocrx_word' id='word_1_304' title='bbox 1211 2240 1283 2274; x_wconf 86' lang='lat' dir='ltr'>orti</span> <span class='ocrx_word' id='word_1_305' title='bbox 1308 2240 1434 2274; x_wconf 70' lang='lat' dir='ltr'>bisons</span> <span class='ocrx_word' id='word_1_306' title='bbox 1455 2241 1513 2284; x_wconf 85' lang='grc' dir='ltr'>(φ)</span> 
     </span>
     <span class='ocr_line' id='line_1_38' title="bbox 166 2287 1513 2333; baseline -0.001 -11"><span class='ocrx_word' id='word_1_307' title='bbox 166 2299 218 2322; x_wconf 80' lang='lat' dir='ltr'>cm</span> <span class='ocrx_word' id='word_1_308' title='bbox 255 2300 275 2323; x_wconf 84' lang='lat' dir='ltr'><em>v</em></span> <span class='ocrx_word' id='word_1_309' title='bbox 420 2295 458 2321; x_wconf 83' lang='grc'><em>26</em></span> <span class='ocrx_word' id='word_1_310' title='bbox 485 2288 660 2333; x_wconf 72' lang='lat' dir='ltr'>obl&#39;eptfi*</span> <span class='ocrx_word' id='word_1_311' title='bbox 807 2296 844 2322; x_wconf 83' lang='grc'><em>29</em></span> <span class='ocrx_word' id='word_1_312' title='bbox 871 2289 1007 2323; x_wconf 88' lang='lat' dir='ltr'>caesim</span> <span class='ocrx_word' id='word_1_313' title='bbox 1035 2289 1230 2323; x_wconf 76' lang='lat' dir='ltr'>Bluemner</span> <span class='ocrx_word' id='word_1_314' title='bbox 1349 2287 1513 2322; x_wconf 87' lang='lat' dir='ltr'>euehunt</span> 
     </span>
    </p>
   </div>
   <div class='ocr_carea' id='block_1_7' title="bbox 165 2335 269 2370">
    <p class='ocr_par' dir='ltr' id='par_1_7' title="bbox 165 2335 269 2370">
     <span class='ocr_line' id='line_1_39' title="bbox 165 2335 269 2370; baseline -0.019 0"><span class='ocrx_word' id='word_1_315' title='bbox 165 2335 212 2370; x_wconf 81' lang='lat' dir='ltr'>vd</span> <span class='ocrx_word' id='word_1_316' title='bbox 222 2336 269 2369; x_wconf 82' lang='lat' dir='ltr'>Vl</span> 
     </span>
    </p>
   </div>
   <div class='ocr_carea' id='block_1_8' title="bbox 1587 0 1611 2516">
    <p class='ocr_par' dir='ltr' id='par_1_8' title="bbox 1587 0 1611 2516">
     <span class='ocr_line' id='line_1_40' title="bbox 1587 0 1611 2516; baseline 0 0"><span class='ocrx_word' id='word_1_317' title='bbox 1587 0 1611 2516; x_wconf 95' lang='lat' dir='ltr'> </span> 
     </span>
    </p>
   </div>
  </div>
 </body>
</html>
