1657 2526
179 52 264 94 232
326 48 499 84 APVLEI
524 48 988 84 METAMORPHOSEON
1014 48 1100 84 LIB.
1123 49 1235 93 VIIII,
1261 54 1316 85 38.
1338 54 1381 85 39

109 124 178 149 oud.

106 173 159 196 665

127 707 160 731 10

128 1003 160 1029 15

108 1065 161 1088 666

111 1537 161 1571 39

130 1598 163 1624 25

111 1716 164 1742 667

130 1898 164 1922 :30

178 158 465 213 triumpha[n],
503 161 595 199 dum
634 161 752 209 scias,
789 161 883 199 lieet
914 161 1070 211 priuato
1103 163 1184 200 suis
1217 163 1524 212 possessionibus

177 235 350 272 paupere
384 221 479 260 fines
512 233 634 270 usque
668 223 707 258 et
738 233 860 270 usque
891 222 1257 270 proterminaueris,
1294 222 1525 261 habiturum

177 284 216 320 te
267 284 399 319 tamen
448 281 623 318 uicinum
670 280 853 329 aliquem.
914 293 1006 318 nam
1050 281 1147 318 haec
1190 281 1310 318 etiam
1354 282 1525 331 dextera,

179 353 280 390 quae
312 342 425 378 tuum
457 352 616 389 prorsus
649 341 894 388 amputasset
927 341 1057 389 caput,
1089 339 1300 388 iniquitate
1331 341 1407 379 fati
1436 353 1525 380 con-

179 403 269 438 tusa
301 395 472 438 decidit.'

269 458 354 504 Quo
382 470 570 506 sermone,
596 458 774 507 alioquin
801 460 1065 508 exasperatus,
1091 458 1262 497 furiosus
1288 459 1392 497 latro
1411 462 1525 509 rapto

179 518 312 570 gladio
338 531 411 556 sua
436 518 701 556 miserrimum
725 517 909 555 iuuenem
934 530 1055 555 manu
1075 520 1352 567 perempturus
1371 519 1527 557 inuadit

181 578 329 616 auidus.
359 572 365 629 Ι
393 590 462 615 1100
500 578 633 614 tamen
672 576 732 614 sui
769 574 1046 628 molliore<m>
1082 580 1336 627 prouocarat3
1382 579 1526 628 quippe

179 639 380 688 insperato
413 638 452 674 et
482 630 610 689 lonllge
643 638 778 674 contra
805 637 887 674 eius
914 636 1139 685 opinionem
1164 637 1349 675 resistens
1374 638 1526 676 iuuenis

180 697 386 746 complexu
416 696 632 734 fortissimo
666 697 807 744 arripit
839 697 922 733 eius
955 695 1154 734 dexteram
1187 709 1408 747 magnoque
1439 697 1526 736 nisu

179 758 282 795 ferro
332 755 477 794 librato
529 755 665 793 multis
715 757 754 793 et
804 754 949 793 crebris
999 755 1141 793 ictibus
1185 756 1371 805 inpuram
1415 756 1527 794 elidit

179 815 316 853 diuitis
363 816 536 852 animam
580 816 637 863 et,
686 817 731 852 ut
774 815 1063 852 accurrentium
1107 816 1228 852 etiam
1270 815 1527 853 familiarium

180 888 299 913 manu
331 887 369 912 se
401 874 604 922 liberaret,
636 874 841 912 confestim
875 873 1002 912 adhuc
1028 874 1178 912 inimici
1210 875 1400 924 sanguine
1433 874 1527 912 deli-

180 935 274 972 buto
306 946 492 972 mucrone
524 935 659 984 gulam
691 933 766 972 sibi
797 946 956 983 prorsus
990 935 1172 972 exsecuit.

269 994 377 1032 Haec
422 995 534 1031 erant
577 1006 679 1042 quae
722 993 949 1043 prodigiosa
990 995 1326 1044 praesagauerant
1363 995 1528 1042 ostenta,

180 1054 276 1092 haec
309 1066 409 1102 quae
440 1054 660 1091 miserrimo
693 1052 850 1090 domino
877 1052 1035 1090 fuerant
1060 1053 1256 1092 nuntiata.
1306 1065 1377 1090 nec
1402 1053 1529 1090 ullum

180 1113 343 1151 uerbum
381 1125 426 1150 ac
464 1125 512 1150 ne
550 1111 717 1150 tacitum
757 1112 914 1161 quidem
952 1112 1088 1150 fletum
1125 1114 1186 1150 tot
1217 1111 1332 1150 malis
1365 1112 1528 1150 circum-

180 1174 322 1211 uentus
356 1185 471 1210 senex
504 1171 634 1221 quiuit
665 1173 858 1220 emittere,
890 1171 957 1209 sed
984 1172 1147 1220 adrepto
1174 1172 1290 1220 ferro,
1324 1184 1399 1221 quo
1427 1184 1527 1210 com-

180 1232 341 1270 modum
385 1233 489 1269 inter
526 1243 614 1270 suos
654 1231 841 1280 epulones
881 1243 1037 1269 caseum
1075 1234 1195 1280 atque
1236 1231 1336 1269 alias
1373 1230 1529 1280 prandii

128 1301 142 1326 2
181 1293 313 1341 partes
352 1291 560 1339 diuiserat,
601 1291 685 1340 ipse
724 1303 880 1340 quoque
920 1290 968 1327 ad
1006 1291 1133 1329 instar
1169 1290 1431 1328 infelicissimi
1468 1291 1530 1328 sui

180 1351 253 1388 filii
284 1351 464 1401 iugulum
497 1350 572 1388 sibi
604 1350 740 1388 multis
770 1349 914 1388 ictibus
947 1350 1211 1399 contrucidat,
1251 1349 1380 1399 quoad
1411 1362 1530 1399 super

181 1423 357 1449 mensam
407 1410 590 1448 cernulus
640 1421 822 1447 corruens
871 1410 1118 1458 portentuosi
1163 1409 1310 1448 cruoris
1354 1409 1530 1447 maculas

182 1471 277 1508 noui
309 1470 513 1520 sanguinis
545 1469 666 1508 fluuio
699 1469 873 1519 proluit.-

273 1529 333 1567 Ad
370 1531 491 1567 istum
528 1528 689 1567 modum
727 1530 872 1578 puncto
910 1528 1142 1566 breuissimo
1183 1528 1358 1578 dilapsae
1391 1527 1528 1566 domus

184 1590 382 1627 fortunam
414 1589 649 1627 hortulanus
681 1588 748 1626 ille
781 1588 992 1626 miseratus
1025 1600 1192 1637 suosque
1218 1600 1329 1626 casus
1355 1589 1532 1637 grauiter

182 1650 466 1700 ingemescens,
517 1648 718 1697 deprensis
761 1661 832 1697 pro
877 1647 1043 1696 prandio
1088 1647 1261 1685 lacrimis
1308 1659 1530 1696 uacuasque

183 1720 322 1746 manus
360 1707 612 1757 complodens
645 1708 860 1756 saepicule,
897 1706 1078 1756 protinus
1110 1708 1288 1744 inscenso
1320 1719 1381 1744 me
1413 1707 1531 1754 retro,

186 1780 305 1816 quam
337 1779 587 1816 ueneramus,
620 1767 729 1804 uiam
762 1767 941 1816 capessit.
1005 1779 1075 1804 1100
1106 1765 1290 1804 innoxius
1323 1765 1357 1803 ei
1390 1765 1531 1804 saltem

185 1839 385 1877 regressus
420 1827 564 1864 euenit.
626 1839 718 1864 nam
750 1826 913 1875 quidam
944 1837 1127 1875 procerus
1161 1828 1217 1874 et,
1255 1826 1300 1863 ut
1330 1824 1531 1862 indicabat

184 1886 342 1924 habitus
386 1888 506 1936 atque
550 1885 756 1933 habitudo,
807 1885 917 1923 miles
962 1897 982 1921 e
1025 1885 1196 1935 legione,
1246 1884 1374 1922 factus
1418 1883 1530 1922 nobis

279 2024 306 2059 F
322 2024 511 2059 170b1712.
539 2037 566 2068 φ
582 2027 653 2058 62².
750 2029 766 2056 1
786 2021 1014 2067 trifiphandu
1036 2023 1089 2066 (φ,
1108 2022 1169 2057 sed
1188 2033 1277 2056 corr.
1291 2021 1333 2055 in
1346 1987 1530 2065 -phaudu)

183 2084 246 2107 em.
275 2073 363 2108 Prie
499 2078 517 2104 6
544 2071 784 2116 exasperatus
811 2069 977 2114 alioquin
1002 2069 1107 2105 vdVl
1237 2075 1256 2102 8
1281 2078 1348 2102 nec
1373 2068 1451 2102 taifl
1477 2067 1531 2101 sui

183 2119 353 2156 molliore
377 2120 564 2166 cpuocarat
589 2120 642 2163 (φ,
667 2118 729 2153 sed
753 2129 816 2152 em.
843 2118 890 2153 al.
917 2118 977 2162 m.)
1003 2117 1141 2152 induet.
1267 2122 1301 2149 11
1326 2114 1484 2149 liberato
1511 2125 1531 2148 e

183 2167 333 2210 induet„
359 2178 421 2202 em.
450 2181 477 2211 φ
504 2166 538 2201 ei
564 2167 691 2211 erepto
718 2166 916 2200 Bluemner
1047 2170 1083 2198 18
1109 2163 1262 2208 abrepto
1313 2176 1357 2207 cp:
1385 2163 1531 2206 arrepto

183 2216 228 2259 cf.
254 2217 339 2257 23,3
453 2221 489 2248 21
515 2213 645 2258 iugula
695 2227 739 2258 ‘12²
766 2212 898 2258 iugula
924 2213 1051 2258 (supra
1076 2212 1161 2246 add.
1188 2210 1290 2256 gula)
1405 2215 1444 2243 26
1469 2209 1530 2243 de-

184 2262 326 2306 prensis
342 2263 396 2307 (φ)
418 2261 590 2306 depensis
618 2261 780 2303 Vulcan,·
800 2261 1020 2306 myleqenter
1041 2260 1124 2304 Ap„
1144 2269 1230 2293 nam
1249 2258 1320 2292 vid.
1338 2257 1531 2302 prandisse

182 2310 401 2347 hortulanus
427 2311 471 2355 cf.
497 2321 528 2346 v.
557 2311 602 2344 19
627 2310 797 2351 228,4.21

1552 1890 1602 1916 179
