1611 2516
146 78 202 120 56
339 75 513 110 APVLEI
540 73 1008 110 METAMORPHOSEON
1034 75 1203 119 LIB.111,
1230 79 1261 111 5.
1284 80 1303 110 6

77 150 146 174 Oml.

95 732 127 757 10

78 791 127 816 183

96 1030 127 1055 15

146 189 388 236 recedemus,
432 188 465 226 si
509 187 662 225 saluum
707 188 749 225 in
792 187 905 225 domo
950 189 1146 226 neminem
1183 185 1496 238 reliquerimus?

147 250 292 298 fateor,
326 247 514 295 Quirites,
547 249 739 285 extremos
771 248 946 285 latrones
981 268 1033 273 —
1066 248 1161 285 boni
1192 248 1288 286 ciuis
1321 248 1495 287 officium

148 308 374 356 arbitratus,
407 307 525 345 simul
558 308 597 344 et
629 308 769 344 eximie
800 310 980 345 metuens
1014 308 1052 344 et
1083 307 1304 356 hospitibus
1333 309 1430 346 meis
1457 310 1497 346 et

147 367 243 406 mihi
264 368 321 393 ——'-
342 366 529 417 gladiolo,
556 366 623 415 qui
649 379 710 404 me
736 368 898 415 propter
922 366 1040 404 huius
1059 367 1166 404 modi
1185 367 1358 416 pericula
1378 368 1495 406 comi-

147 427 327 474 tabatur,
372 427 547 464 armatus
591 426 728 475 fugare
771 427 890 474 atque
929 428 1149 475 proterrere
1188 439 1252 464 eos
1291 426 1496 476 adgressus

148 499 244 524 sum.
307 488 349 523 at
386 486 447 523 illi
482 485 639 523 barbari
672 496 835 534 prorsus
870 487 909 524 et
939 486 1130 523 immanes
1161 486 1338 524 homines
1370 499 1495 535 neque

146 547 282 596 fugam
329 546 539 594 capessunt
577 546 633 593 et,
677 557 764 582 cum
803 558 864 582 me
903 545 1084 583 uiderent
1121 545 1163 583 in
1200 545 1320 595 ferro,
1363 547 1497 585 tamen

148 605 352 643 audaciter
383 605 583 643 resistunt.

236 664 434 715 Dirigitur
466 663 672 712 proeliaris
705 663 816 702 acies.
861 664 945 713 ipse
972 663 1139 713 denique
1166 663 1244 701 dux
1270 666 1309 702 et
1334 664 1498 714 signifer

148 726 370 762 ceterorum
400 723 544 761 ualidis
577 736 637 761 me
669 723 820 761 uiribus
853 723 1060 773 adgressus
1089 723 1181 762 ilico
1207 723 1389 762 manibus
1416 737 1496 762 am—

146 784 269 822 babus
309 783 452 832 capillo
491 783 697 830 adreptum
729 795 773 820 ac
804 784 909 821 retro
941 783 1127 821 reflexum
1159 783 1332 833 effligere
1365 784 1496 833 lapide

148 844 278 894 gestit.
332 856 448 892 quein
487 842 581 880 dum
620 842 694 880 sibi
726 843 878 892 porrigi
909 842 1083 892 flagitat,
1122 845 1229 881 certa
1260 856 1380 881 manu
1410 857 1496 892 per-

148 915 301 941 cussum
343 902 512 940 feliciter
549 904 764 950 prosterno.
829 915 873 939 ac
911 914 1000 939 mox
1038 902 1161 940 alium
1198 902 1362 951 pedibus
1400 903 1496 940 meis

147 962 343 1000 mordicus
369 962 640 1000 inhaerentem
664 974 734 1010 per
759 962 940 1011 scapulas
965 962 1047 999 ictu
1072 963 1292 1010 temperato
1318 962 1496 1000 tertium-

149 1036 223 1071 que
268 1021 474 1071 inprouide
519 1023 787 1059 occurrentem
832 1023 989 1070 pectore
1027 1022 1173 1059 offenso
1211 1034 1380 1070 peremo.
1444 1022 1497 1060 sic

148 1094 244 1131 pace
295 1081 497 1119 uindicata
547 1081 742 1129 domoque
791 1081 993 1130 hospitum
1037 1093 1082 1118 ae
1129 1081 1256 1119 salute
1302 1081 1498 1120 communi

128 1143 331 1190 .protecta
380 1153 457 1178 non
506 1142 590 1178 tam
638 1141 840 1189 impunem
889 1153 969 1189 me,
1018 1153 1155 1178 uerum
1201 1140 1321 1178 etiam
1362 1140 1497 1179 lauda-

79 1388 131 1413 184

149 1201 268 1240 bilem
300 1200 455 1250 publice
488 1199 694 1237 credebam
725 1200 820 1248 fore,
853 1201 920 1249 qui
952 1212 1000 1238 ne
1031 1200 1190 1238 tantillo
1224 1200 1383 1249 quidem
1414 1214 1498 1239 um-

150 1273 269 1310 quam
302 1261 463 1298 crimine
495 1260 737 1309 postulatus,
776 1259 844 1297 sed
874 1259 994 1308 probe
1021 1260 1222 1308 spectatus
1255 1260 1361 1308 apud
1391 1272 1497 1298 meos

95 1328 109 1353 2
149 1332 301 1370 semper
344 1320 611 1357 innocentiam
649 1318 862 1357 commodis
900 1320 1051 1356 cunctis
1090 1319 1361 1357 antetuleram.
1427 1332 1496 1358 nec

150 1392 310 1429 possum
343 1379 554 1429 repperire,
587 1391 655 1416 cur
686 1380 816 1416 iustae
848 1378 1023 1426 ultionis,
1056 1391 1135 1427 qua
1162 1380 1298 1417 contra
1323 1379 1497 1417 latrones

150 1439 380 1477 deterrimos
413 1440 629 1476 commotus
663 1451 766 1486 sum,
797 1450 901 1475 nunc
931 1439 1051 1476 istum
1083 1443 1239 1476 reatum
1271 1439 1498 1489 sustineam,

149 1511 237 1536 cum
274 1512 388 1536 nemo
420 1498 547 1547 possit
577 1500 797 1536 monstrare
829 1497 893 1534 uel
924 1498 1105 1547 proprias
1131 1499 1235 1536 inter
1266 1510 1336 1535 nos
1367 1499 1498 1536 inimi-

150 1559 263 1596 citias
287 1553 291 1612 l
314 1559 571 1607 praecessisse
605 1570 649 1595 ac
681 1570 729 1594 ne
762 1558 922 1595 omnino
947 1557 1046 1595 mihi
1072 1559 1185 1596 notos
1211 1557 1299 1596 illos
1325 1558 1498 1596 latrones

244 1743 271 1777 F
293 1743 389 1777 135‘2.
418 1756 445 1787 φ
467 1743 610 1777 32b33⁵.
721 1749 736 1776 1
765 1743 793 1777 si
819 1742 961 1777 saluum
987 1743 1028 1777 in
1052 1753 1123 1777 rae.
1152 1742 1230 1777 ead.
1256 1753 1301 1776 m.
1375 1756 1420 1787 ‹p:
1447 1742 1499 1785 sic

149 1790 253 1825 saluii
356 1798 373 1824 2
400 1791 584 1825 extremos
607 1791 661 1835 (φ)
690 1792 734 1834 cf.
764 1793 845 1833 77,5
873 1793 980 1833 79,17
1006 1792 1091 1833 99,8
1118 1792 1227 1832 122‚2
1252 1790 1299 1825 al.
1328 1790 1499 1824 extermi-

149 1849 238 1873 nare
254 1839 349 1873 HM
363 1840 544 1873 extremos
560 1837 863 1885 <exterminare>
878 1838 990 1882 Luetj
1003 1838 1077 1883 (sed
1090 1849 1120 1873 v.
1136 1841 1217 1880 46,1
1234 1840 1336 1880 116,1
1348 1839 1498 1882 229,22)

150 1885 393 1932 <extu-pare>
415 1887 597 1920 extremos
617 1886 722 1920 2>de
794 1885 957 1920 latrones
978 1885 1160 1932 <arcer-e>
1182 1885 1331 1927 Novem·
1344 1886 1400 1952 ff.
1413 1896 1498 1930 pro-

149 1968 278 1992 nomen
304 1958 439 2000 repetit.
463 1960 566 2000 14‚13
587 1959 696 1999 59,22
769 1957 876 2003 ciuis]
897 1955 994 1991 uiri?
1014 1956 1088 1991 Leo
1161 1962 1179 1989 3
1206 1955 1378 1998 arbitrat3
1406 1956 1498 2000 (ead.

150 2010 191 2040 ut
216 2005 286 2039 vid.
309 2017 352 2038 m.
375 2005 458 2039 add.
481 2006 502 2048 ς)
542 2018 586 2048 qa:
615 2004 786 2038 arbitrat’
810 2006 821 2049 (
841 2016 931 2040 corr.
953 2003 1033 2039 eac.2
1053 2004 1129 2039 ead.
1150 2005 1211 2047 m.)
1284 2005 1327 2047 cf.
1345 2006 1453 2046 18,12

151 2059 169 2085 6
194 2052 305 2098 dii-sus
327 2052 404 2087 ead.
432 2064 475 2086 m.
503 2064 617 2096 supra
644 2052 708 2087 zm.
736 2053 820 2087 add.
929 2059 943 2085 7
971 2051 1170 2097 in<ferri>,
1196 2050 1291 2086 ferro
1317 2051 1428 2095 Luetj

149 2106 184 2133 11
205 2099 380 2133 abrectfi*
402 2101 480 2139 (litt.
497 2111 586 2134 eras.
604 2104 712 2135 antea
731 2100 882 2144 induet.)
922 2113 968 2143 φτ
991 2099 1148 2143 abrepti-1
1168 2109 1230 2132 em.
1245 2109 1266 2133 v
1285 2100 1330 2142 ef.
1344 2101 1428 2141 21,4

151 2146 322 2193 (caput)
349 2146 512 2191 effligere
539 2148 584 2182 vd
595 2148 643 2182 Vl
786 2154 822 2180 14
848 2146 1019 2190 scapulas
1041 2147 1097 2190 (φ)
1125 2146 1166 2180 as
1188 2157 1230 2180 esc
1254 2147 1276 2179 a]
1303 2157 1390 2181 corr.
1419 2146 1497 2181 ead.

149 2207 195 2230 m.
293 2201 328 2228 17
355 2195 395 2228 ta
422 2196 477 2238 (φ)
499 2195 568 2238 def.
591 2195 764 2229 Kronenb
785 2195 861 2229 coll.
883 2197 1071 2238 251,13sq.
1094 2194 1126 2227 d.
1148 2193 1182 2227 d.
1204 2193 1299 2228 Βοῦν.
1320 2195 1369 2228 20
1388 2195 1494 2238 <31,4)

151 2243 298 2276 tantum
325 2242 377 2276 ed.
400 2243 507 2277 Bas-iz
533 2244 576 2285 cf.
600 2244 730 2284 151‚2O
756 2242 830 2276 iam
856 2242 1009 2277 Scau-ech
1105 2247 1143 2274 24
1169 2251 1212 2275 ac
1237 2250 1305 2275 nec
1329 2242 1499 2276 Bursian

150 2292 196 2333 cf.
210 2292 295 2331 21,6
310 2292 393 2331 60,5
478 2288 572 2324 ullos
592 2290 639 2325 vd
648 2290 696 2325 Vl
714 2290 808 2333 falso
823 2290 900 2324 coll.
918 2290 988 2325 Cic.
999 2300 1069 2333 pro
1083 2288 1214 2324 Roscio
1227 2289 1388 2324 Amerin.
1404 2291 1451 2323 94

151 2336 374 2383 [lati-ones?
398 2336 473 2372 Leo
