1611 2516
11 974 65 998 256

11 1093 63 1117 257

10 1509 63 1533 2:58

243 75 419 110 APVLEI
446 72 909 109 METAMORPHOSEON
935 73 1021 109 LIB.
1043 73 1119 116 1111,
1147 78 1262 108 8—10
1379 75 1429 115 81

84 169 150 227 sed
193 189 304 226 illum
350 187 509 237 quidem
553 189 768 235 utcumque
812 187 936 224 nimia
973 187 1102 223 uirtus
1141 198 1211 224 sua
1249 149 1460 236 peremit?

83 250 186 286 inter
225 248 383 286 inclitos
423 258 534 297 reges
579 259 623 284 ac
665 245 781 283 duces
820 245 1058 294 proeliorum
1097 245 1201 282 tanti
1238 246 1316 282 uiri
1356 258 1433 283 me-

84 309 209 345 moria
248 306 520 345 celebrabitur.
584 305 688 343 enim
725 317 796 342 uos
833 305 957 343 bonae
990 304 1096 354 frugi
1128 304 1300 342 latrones
1332 306 1435 342 inter

12 380 30 403 2
49 380 65 403 5
84 367 192 405 furta
230 378 356 416 parua
388 368 507 414 atque
540 364 699 403 seruilia
731 363 911 401 timidule
945 377 1014 413 per
1045 363 1206 401 balneas
1239 365 1278 401 et
1309 364 1433 401 aniles

83 426 245 465 cellulas
276 427 478 474 reptantes
510 425 745 462 scrutariam
777 420 935 461 facitis?

173 484 347 534 Suscipit
383 497 484 522 unus
523 497 568 521 ex
604 483 674 521 illo
712 483 927 532 posteriore
965 495 1144 521 numero:
1185 479 1295 521 ‘tune
1328 482 1433 521 solus
1457 490 1480 525 9

82 546 241 596 ignoras
291 544 406 594 longe
456 543 654 581 faciliores
710 543 759 579 ad
810 543 1112 592 expugnandum
1163 541 1302 580 domus
1352 554 1433 580 esse

83 602 278 642 maiores?
340 603 488 652 quippe
527 601 642 652 quod,
682 602 775 640 licet
811 614 1018 639 numerosa
1057 602 1209 639 familia
1244 601 1338 639 latis
1370 602 1432 640 de-

84 665 262 703 uersetur
300 662 472 711 aedibus,
510 664 643 699 tamen
676 661 842 711 quisque
875 661 1002 711 magis
1036 673 1127 699 suae
1160 661 1281 699 saluti
1313 674 1434 711 quam

83 723 232 761 domini
264 721 446 760 consulat
478 721 629 771 opibus.
691 721 798 771 frugi
830 723 963 758 autem
996 723 1035 758 et
1060 720 1229 759 solitarii
1255 721 1432 759 homines
1455 732 1488 755 10

82 783 286 821 fortunam
310 794 476 831 paruam
501 781 565 819 uel
592 782 696 818 certe
723 781 819 819 satis
845 781 1020 829 amplam
1047 780 1342 818 dissimulanter
1368 780 1432 818 ob-

82 844 227 880 tectam
253 843 468 891 protegunt
494 840 622 878 acrius
649 842 688 878 et
714 840 920 889 sanguinis
946 841 1010 878 sui
1034 840 1211 889 periculo
1238 839 1433 878 muniunt.

82 914 143 940 res
184 902 271 950 ipsa
315 901 482 950 denique
522 899 636 938 fidem
679 901 851 937 sermoni
912 912 999 937 meo
1040 899 1161 938 dabit.
1219 899 1286 937 uix
1330 901 1433 937 enim

83 960 237 999 Thebas
268 957 555 1010 <h>eptapylos
581 959 832 997 accessimus:
866 959 971 1007 quod
997 961 1055 997 est
1081 959 1174 997 huic
1200 956 1434 1008 disciplinae
1453 971 1488 993 62

81 1021 314 1070 primarium
358 1014 551 1066 studium.
593 1017 677 1068 [sed
721 1015 834 1069 dum]
872 1018 1006 1056 sedulo
1045 1018 1223 1056 fortunas
1261 1019 1434 1068 inquire-
1455 1029 1488 1054 15

83 1079 220 1117 bamus
269 1076 547 1128 populari<s>3
597 1090 667 1116 nec
717 1091 786 1116 nos
837 1078 1006 1127 denique
1056 1078 1176 1116 latuit
1222 1077 1434 1127 Chryseros

83 1139 244 1189 quidam
271 1139 558 1176 nummularius
585 1139 767 1187 copiosae
793 1138 983 1186 pecuniae
1009 1137 1203 1185 dominus,
1230 1138 1300 1187 qui
1325 1140 1434 1176 metu

83 1198 302 1236 officiorum
328 1210 372 1235 ac
398 1211 604 1235 munerum
623 1197 874 1246 publicorum
894 1198 1049 1247 magnis
1077 1197 1228 1235 artibus
1248 1210 1434 1247 magnam

84 1257 362 1296 dissimulabat
418 1257 675 1306 opulentiam.
755 1255 926 1306 denique
977 1257 1083 1295 solus
1134 1269 1179 1295 ac
1230 1257 1434 1295 solitarius

82 1330 219 1367 parua,
251 1314 374 1366 se<d>
406 1317 503 1355 satis
536 1316 689 1354 munita
715 1315 951 1354 domuncula
983 1319 1203 1365 contentus,
1235 1329 1433 1365 pannosus
1455 1328 1487 1352 20

83 1377 261 1426 alioquin
289 1389 334 1414 ac
359 1376 553 1428 sordidus,
578 1388 715 1414 aureos
743 1375 855 1414 folles
881 1375 1105 1414 incubabat.
1157 1389 1249 1426 ergo
1271 1376 1434 1425 placuit,

84 1436 134 1474 ad
171 1437 274 1474 hunc
311 1436 483 1485 primum
520 1436 709 1474 ferremus
748 1435 919 1483 aditum⁷
952 1438 997 1473 ut
1035 1427 1262 1484 contempta
1299 1448 1435 1485 pugna

83 1508 221 1534 manus
261 1497 399 1533 unicae
436 1495 545 1533 nullo
584 1497 744 1546 negotio
777 1495 926 1533 cunctis
959 1495 1099 1544 opibus
1132 1496 1256 1533 otiose
1288 1496 1435 1544 potire-

83 1568 178 1593 mur.
241 1567 311 1593 nec
348 1567 470 1603 mora,
508 1567 596 1593 cum
633 1556 760 1592 noctis
797 1554 913 1592 initio
955 1554 1105 1593 foribus
1144 1556 1227 1592 eius
1259 1557 1433 1604 praesto·
1456 1554 1506 1589 10

82 1615 221 1662 lamur,
260 1627 358 1664 quas
396 1627 522 1663 neque
560 1613 767 1652 subleuare
800 1627 927 1663 neque
959 1615 1159 1652 dimouere
1192 1626 1237 1652 ac
1267 1627 1316 1651 ne
1347 1627 1432 1663 per·
1455 1628 1488 1652 :25

82 1675 253 1725 fringere
284 1670 297 1725 ΙΙ
328 1674 486 1722 quidem
534 1674 647 1712 nobis
691 1673 919 1722 uidebatur,
969 1687 1017 1711 ne
1060 1674 1272 1711 ualuarum
1316 1686 1434 1712 sonus

153 1822 180 1856 F
210 1823 305 1858 139¹&
334 1837 360 1867 φ
389 1822 462 1857 36¹³.
657 1830 672 1856 1
699 1822 858 1867 peremit
884 1824 940 1868 (φ)
966 1824 1007 1857 in
1033 1835 1099 1868 my.
1130 1836 1171 1857 m.
1200 1827 1263 1858 vet.
1292 1823 1433 1869 {mitt-&⁷

82 1872 230 1916 (legerat
255 1875 344 1905 certe
368 1870 528 1914 peremit
553 1870 596 1914 ἃ)
741 1877 759 1904 3
786 1870 884 1904 enim
913 1870 1055 1917 <uei-o>
1087 1883 1104 1905 υ
1131 1871 1242 1914 Luetj
1261 1872 1306 1914 cf.
1328 1874 1435 1913 91,12

83 1919 178 1954 Phil.
204 1919 323 1963 suppl.
345 1919 409 1952 IX
433 1920 505 1952 573
531 1918 615 1964 Hey
641 1919 749 1953 Arch.
775 1919 802 1961 f.
830 1919 892 1953 lat.
920 1918 1009 1953 Lex.
1031 1918 1137 1953 XIV
1156 1921 1230 1954 270
1243 1930 1314 1963 sqq.

82 1965 148 2000 bos
170 1977 232 2000 em.
252 1977 297 2000 m.
318 1977 384 2000 ree.
413 1970 444 2000 et
470 1980 497 2009 φ
661 1972 695 1999 13
722 1965 908 2000 sermoni*
936 1968 1041 2010 (eras.
1063 1966 1096 2011 s>
1258 1973 1293 2000 14
1321 1965 1434 2001 theba.

82 2012 284 2058 septapilos
304 2017 393 2048 recte
419 2013 500 2048 dist.
527 2025 571 2047 m.
599 2024 665 2048 rec.
744 2017 828 2048 ante
854 2013 953 2058 quod
978 2014 1128 2059 manius
1154 2014 1305 2049 dz'stinx.
1328 2015 1386 2048 He

81 2067 117 2094 15
145 2060 206 2095 sed
233 2060 283 2094 du
308 2062 365 2106 (φ)
391 2060 457 2096 del.
485 2060 583 2096 Salm
610 2062 654 2105 cf.
679 2062 796 2105 praef.
825 2064 869 2096 51
897 2062 1027 2096 sectim
1056 2061 1191 2097 Gruter
1306 2068 1343 2095 16
1368 2072 1432 2106 po-

81 2107 205 2153 pulari
237 2110 292 2152 (φ,
322 2108 384 2143 sed
414 2109 443 2153 i)
474 2120 537 2143 (m.
566 2120 594 2143 τ.
656 2108 894 2153 popularium
926 2110 1016 2144 Prie
1164 2110 1203 2142 2'0
1228 2108 1264 2144 se
1296 2111 1348 2154 (φ,
1373 2109 1435 2144 sed

83 2180 123 2214 in
153 2190 221 2224 my.
249 2164 268 2212 ‘d
294 2179 372 2223 sed)
523 2179 721 2214 domucula
746 2180 830 2224 (rid.
859 2180 937 2215 ead.
964 2191 1008 2215 m.
1030 2183 1043 2190 ⁴
1071 2192 1161 2215 corr.
1182 2181 1223 2215 in
1248 2165 1284 2224 n)

82 2233 120 2260 22
152 2228 282 2270 ctepta
315 2228 371 2270 (cp)
406 2228 585 2271 concepta
619 2226 780 2262 Beroald
814 2227 983 2262 confecta
1016 2227 1112 2263 ‚9He
1265 2234 1302 2261 23
1337 2227 1433 2272 poti-

83 2275 185 2308 retur
210 2276 269 2318 (φ)
296 2285 358 2308 em.
389 2286 406 2307 z·
549 2281 588 2308 24
613 2275 827 2319 prestolatis
848 2277 905 2319 (φ)
930 2275 981 2309 tis
1002 2276 1049 2310 al.
1076 2288 1120 2310 m.
1141 2287 1254 2320 supra
1276 2276 1342 2311 litt.
1367 2279 1418 2310 cet

83 2334 153 2376 eff,
179 2344 270 2377 quae
295 2333 412 2368 nescio
438 2345 488 2368 αη
513 2336 653 2375 suerint
678 2324 715 2368 ὧ
729 2348 742 2377 ,·
768 2346 849 2368 mur
873 2346 987 2379 supra
1015 2336 1076 2370 lin.
1103 2334 1189 2369 add.
1217 2347 1261 2369 m.
1288 2345 1354 2369 rec.

154 2398 264 2429 Apulei
284 2401 352 2424 met.
373 2399 418 2424 ed.
439 2399 556 2423 Helm.
1199 2397 1219 2428 6
