1657 2526
29 134 98 159 Οιιιί.

0 896 1 921 l
23 895 75 919 599

259 59 434 93 APVLEI
460 56 928 93 METAMORPHOSEON
955 57 1042 92 ΜΒ.
1064 57 1175 100 vim,
1203 61 1293 91 3—5
1365 60 1450 101 205

1465 134 1490 158 Ε

99 174 331 221 sospitator,
376 172 653 221 argumentum
698 170 962 219 explorandae
1002 170 1185 208 sanitatis
1223 182 1332 207 meae
1372 172 1452 209 tale

98 232 380 270 commonstrat
411 232 562 278 ceteris,
594 232 639 267 ut
671 242 796 279 aquae
828 231 996 268 recentis
1029 230 1267 278 completam
1293 230 1448 278 peluem
1473 239 1523 265 157

99 291 282 329 offerrent
308 291 421 338 potui
447 303 545 338 meo,
572 302 617 327 ac
643 291 676 327 si
702 289 925 338 intrepidus
952 291 991 327 et
1016 302 1122 326 more
1150 289 1267 326 solito
1294 301 1451 328 sumens

98 351 211 399 aquis
245 349 540 396 adlibesoerem,
581 361 718 387 sanum
751 361 812 386 me
846 351 966 398 atque
999 348 1106 385 omni
1137 348 1272 386 morbo
1306 349 1451 387 scirent

97 409 338 459 expeditum:
390 410 526 446 contra
575 420 669 446 uero
716 409 750 446 si
794 408 922 445 uisum
968 411 1273 458 contactumque
1318 408 1450 446 laticis
1488 418 1503 443 5

97 469 264 506 uitarem
305 481 349 506 ac
387 469 737 518 perhorrescerem,
776 480 846 516 pro
885 469 1072 516 conperto
1111 467 1268 505 noxiam
1300 467 1450 505 rabiem

95 529 352 578 pertinaciter
385 528 543 579 durare3
576 528 649 565 hoc
682 527 783 564 enim
818 527 929 564 libris
963 527 1083 564 etiam
1112 526 1292 576 pristinis
1318 526 1450 576 prodi-

95 590 182 626 tum
214 587 415 626 obseruari
448 587 582 625 solere.
645 587 723 625 isto
756 587 903 635 placito
936 599 1006 624 uas
1038 588 1209 624 immane
1242 586 1449 624 confestim
1473 593 1497 628 4

96 660 221 696 aquae
266 647 491 696 perlucidae
536 647 581 684 de
626 648 804 695 proximo
849 647 998 695 petitae
1043 646 1169 693 fonte,
1220 647 1449 684 cunctantes

96 707 241 755 adhuc,
280 707 450 745 offerunt
488 707 602 743 mihi:
643 708 684 743 at
722 718 794 756 ego
833 707 915 743 sine
953 705 1036 743 ulla
1074 718 1185 743 mora
1216 718 1448 756 progressus
1471 715 1503 739 10

96 767 216 804 etiam
255 766 371 804 obuio
411 766 537 815 gradu
576 766 672 804 satis
712 765 890 803 sitienter
921 777 1067 813 pronus
1100 767 1138 803 et
1169 767 1296 802 totum
1330 767 1450 814 caput

94 826 265 864 inferens
310 826 504 864 salutares
548 838 639 863 uere
685 825 867 874 equidem
911 825 1001 862 illas
1041 837 1166 873 aquas
1204 825 1448 862 hauriebam.

94 886 252 935 iamque
297 887 336 923 et
375 885 537 934 plausus
575 897 736 922 manum
774 886 813 922 et
852 885 1007 921 aurium
1045 884 1167 922 flexus
1208 886 1247 921 et
1285 884 1448 921 ductum

92 945 255 994 capistri
292 947 331 982 et
369 944 526 993 quiduis
567 944 674 981 aliud
712 943 1026 993 periclitantium
1062 943 1217 992 placide
1250 943 1443 992 patiebar,

92 1004 222 1054 quoad
261 1008 396 1042 contra
428 1016 616 1041 uesanam
648 1017 783 1042 eorum
814 1003 1175 1052 praesumptionem
1208 1003 1440 1041 modestiam
1468 1013 1499 1038 15

92 1071 220 1101 m'eam
252 1063 406 1113 liquido
440 1063 590 1102 cunctis
624 1063 896 1112 adprobarem.

181 1123 244 1160 Ad
275 1123 400 1161 istum
432 1122 591 1161 modum
625 1124 753 1160 uitato
782 1122 929 1172 duplici
956 1123 1146 1172 periculo,
1179 1122 1241 1160 die
1267 1124 1448 1172 sequenti

92 1196 247 1221 rursum
286 1183 430 1221 diuinis
470 1182 621 1220 exuuiis
661 1184 825 1220 onustus
864 1195 951 1220 cum
991 1183 1152 1220 crotalis
1184 1184 1223 1220 et
1255 1182 1447 1232 cymbalis

93 1243 444 1281 circumforaneum
494 1242 815 1280 mendicabulum
858 1242 1055 1291 producor
1099 1241 1149 1279 ad
1192 1243 1313 1279 uiam.
1377 1254 1448 1279 nec

92 1303 228 1351 paucis
278 1302 422 1340 casulis
472 1303 593 1351 atque
644 1302 815 1339 castellis
867 1301 1059 1340 oberratis
1108 1301 1349 1340 deuertimus
1395 1301 1444 1338 ad
1468 1311 1501 1336 20

93 1363 318 1411 quempiam
349 1374 497 1412 pagum
529 1361 637 1399 urbis
671 1361 881 1410 opulentae
915 1361 1130 1410 quondam,
1166 1363 1211 1399 ut
1242 1356 1446 1413 mefmora-

92 1421 189 1459 bant
219 1422 383 1470 incolae,
415 1421 518 1459 inter
550 1422 739 1459 semiruta
770 1421 941 1471 uestigia
974 1420 1174 1458 conditum
1208 1422 1246 1458 et
1272 1421 1444 1469 hospitio

92 1482 275 1529 proxumi
307 1481 454 1519 stabuli
485 1482 635 1530 recepti
667 1482 939 1530 cognoscimus
972 1480 1145 1529 lepidam
1175 1479 1222 1518 de
1249 1480 1446 1518 adulterio

93 1541 295 1578 cuiusdam
332 1542 518 1590 pauperis
557 1540 752 1588 fabulam,
791 1553 911 1589 quam
942 1553 1012 1578 uos
1045 1540 1166 1577 etiam
1199 1541 1445 1591 cognoscatis

93 1600 198 1638 uolo.
1467 1608 1499 1633 25

182 1659 219 1697 Is
252 1659 393 1710 gracili
424 1660 612 1709 pauperie
646 1659 829 1698 laborans
862 1658 1022 1697 fabriles
1055 1672 1194 1708 operas
1221 1658 1445 1708 praebendo
1470 1665 1492 1700 5

91 1719 226 1768 paruis
275 1719 356 1757 illis
407 1719 650 1757 mercedibus
698 1719 825 1757 uitam
868 1718 1038 1756 tenebat.
1102 1721 1187 1756 erat
1232 1719 1266 1756 ei
1311 1720 1445 1756 tamen

186 1844 212 1878 F
242 1848 335 1879 1652.
375 1859 402 1889 φ
429 1848 500 1879 57⁸.
647 1851 665 1877 9
691 1844 809 1891 petite
836 1846 890 1889 (φ)
919 1854 938 1890 e
965 1844 1012 1878 al.
1039 1856 1083 1878 m.
1111 1848 1197 1878 mut.
1224 1845 1266 1878 in
1291 1855 1311 1878 o

91 1899 127 1926 10
166 1892 286 1927 adhoc
324 1894 378 1936 (φ)
418 1892 540 1927 adhuc
577 1904 618 1934 v;
654 1893 707 1927 sic
737 1893 867 1927 omnib.
896 1896 1042 1937 praeter
1074 1896 1144 1927 tres
1176 1893 1262 1927 locis
1292 1896 1446 1934 metam,

90 1942 135 1984 cf.
156 1943 267 1982 229,9
364 1947 399 1973 12
425 1940 588 1974 inferens
609 1941 686 1975 ead.
714 1952 758 1974 m.
786 1951 901 1984 supra
927 1939 1012 1974 add.
1041 1939 1061 1973 l*
1086 1940 1246 1984 uergens
1292 1954 1337 1983 cp:
1363 1951 1445 1973 uer-

91 1988 183 2033 gens
251 1987 450 2032 inuergene
476 1988 544 2023 edd
569 1991 638 2022 vett
687 1987 852 2023 inserens
878 1988 1005 2022 Petsch
1048 1998 1219 2032 mergens
1248 1987 1332 2022 Colv
1376 1988 1445 2021 im—

91 2046 260 2081 mergens
295 2035 415 2070 Roald
560 2034 738 2079 quidem?
769 2035 915 2070 ‹sord-sm
946 2036 990 2079 cf.
1021 2038 1154 2078 165,18
1299 2041 1336 2068 13
1367 2045 1445 2069 ma-

91 2095 159 2117 nus
188 2084 239 2118 vel
269 2093 447 2116 manuum
477 2094 493 2117 v
518 2083 664 2117 natium
693 2083 918 2118 Cornelissen
943 2084 988 2126 cf.
1016 2083 1332 2128 Neue-Wayener
1359 2083 1444 2117 Lat.

91 2130 364 2166 Formenlehre³
392 2131 419 2165 I
435 2133 506 2165 547
649 2137 685 2164 15
711 2130 846 2165 uesana
876 2134 931 2175 (φ)
956 2135 1083 2174 poster.
1113 2141 1134 2164 a
1160 2132 1200 2165 in
1225 2142 1298 2165 ras.
1325 2131 1372 2165 al.
1400 2142 1443 2164 m.

90 2190 156 2214 scr.
303 2184 338 2211 18
365 2177 509 2212 exubiis
537 2181 595 2222 (φ,
629 2178 675 2212 al.
703 2190 747 2212 m.
775 2178 798 2212 b
831 2182 916 2213 mut.
945 2179 985 2213 in
1011 2180 1048 2223 u)
1195 2184 1233 2211 23
1260 2177 1444 2212 adulterio

92 2225 273 2272 (uxoris)
299 2226 404 2260 2>de
540 2233 578 2259 26
604 2226 665 2260 hic
691 2225 781 2271 geili
807 2226 881 2270 (hic
907 2228 931 2270 g
958 2227 997 2260 in
1022 2237 1094 2261 ras.
1122 2227 1168 2261 αῖ.
1195 2237 1240 2260 m.
1266 2237 1346 2267 scr„
1373 2225 1443 2259 vid.

91 2275 206 2317 fuisse
231 2273 266 2306 Is
287 2272 421 2318 gracili
483 2287 526 2317 cp:
553 2274 584 2307 is
613 2273 746 2317 gracili
866 2273 1034 2318 phendes
1057 2273 1090 2313 (h
1119 2285 1162 2308 επ
1187 2273 1210 2306 b
1236 2284 1326 2308 corr⁴
1353 2277 1385 2307 et
1411 2272 1449 2307 es

92 2322 132 2356 in
157 2333 228 2356 ras.
255 2331 322 2355 scr.
348 2321 395 2355 al.
422 2323 481 2364 m.)
533 2335 577 2365 cp:
604 2320 752 2365 pheudo
860 2328 895 2354 :27
922 2320 1001 2355 illic
1028 2321 1136 2356 Nolte
1161 2322 1206 2364 cf.
1228 2324 1311 2363 33‚5
1339 2324 1442 2362 160,1
