1611 2516
4 156 73 182 Oud.

2 383 52 409 163

1 860 52 885 164

251 81 425 117 APVLEI
450 80 919 116 METAMORPHOSEON
945 80 1032 116 LIB.
1053 81 1097 125 Π,
1125 85 1179 117 29.
1201 85 1245 116 30
1366 83 1422 123 49

1441 155 1467 181 E

74 195 215 245 pocula
246 195 326 232 iam
360 194 503 245 Stygiis
535 194 747 243 paludibus
779 194 1025 232 innatantem
1059 194 1107 232 ad
1139 197 1422 234 momentariae

73 255 180 293 uitae
217 254 406 292 reducitis
445 250 664 304 o<f>ficiaP
708 253 840 291 desine
879 253 976 302 iam,
1015 265 1170 303 precor,
1208 254 1340 292 desine
1381 268 1423 293 ac

72 326 133 351 me
165 315 205 352 in
237 326 365 352 meam
398 313 569 362 quietem
601 308 822 363 permitte„

161 373 269 411 Haec
307 373 446 411 audita
482 385 559 410 uox
592 373 638 410 de
673 385 851 422 corpore,
890 373 956 410 sed
990 373 1196 422 aliquanto
1229 373 1423 423 propheta

73 434 320 471 commotior:
365 429 485 482 “quin
523 428 680 481 refers'⁷,
726 434 800 481 ait,
844 430 1017 481 “populo
1056 432 1214 483 singula
1252 434 1423 482 tuaeque
1461 439 1475 464 5

71 492 210 530 mortis
241 492 443 530 illuminas
477 490 648 529 arcana?
698 504 748 529 an
773 504 851 529 non
878 494 996 541 putas
1023 492 1299 531 deuotionibus
1326 493 1422 530 meis

70 563 184 601 posse
216 551 334 589 Diras
364 551 562 600 inuocari,
599 563 713 600 posse
744 551 818 589 tibi
851 551 1026 590 membra
1055 552 1161 590 lassa
1193 548 1424 602 torquerffl

162 611 338 661 Suscipit
380 611 448 649 ille
492 611 539 648 de
583 611 729 649 lectulo
774 613 814 649 et
856 611 936 649 imo
982 624 1070 650 cum
1110 613 1262 662 gemitu
1299 624 1422 661 popu-

71 670 156 708 lum
194 671 249 709 sic
287 671 444 709 adorat:
481 669 621 709 “malis
659 682 786 708 nouae
825 673 972 720 nuptae
1009 673 1238 720 peremptus
1271 671 1422 710 artibus

72 732 111 767 et
143 730 322 769 addictus
354 730 470 769 noxio
499 730 639 779 poculo
666 732 800 768 torum
826 728 1080 782 tepente<m>
1106 731 1286 769 adultero
1313 744 1422 769 man·
1443 738 1476 763 10

72 785 240 840 cipaui.⁷⁷

161 850 271 887 Tunc
318 862 417 888 uxor
465 850 624 901 egregia
673 849 780 899 capit
828 851 1076 899 praesentem
1126 850 1335 888 audaciam
1386 852 1425 889 et

71 911 201 947 mente
234 910 426 960 sacrilega
457 910 689 960 coarguenti
721 911 864 948 marito
896 911 1080 948 resistens
1114 910 1291 948 altercat.
1354 923 1423 960 po-

70 969 187 1018 pulus
220 971 388 1018 aestuat,
424 969 580 1007 diuersa
610 969 828 1020 tendentes,
862 965 957 1021 hi[i]
990 970 1203 1019 pessimam
1235 970 1421 1008 feminam

0 1055 1 1058 =
71 1029 271 1067 uiuentem
321 1030 458 1068 statim
502 1041 589 1067 cum
635 1041 796 1078 corpore
840 1030 976 1067 mariti
1020 1029 1302 1079 sepeliendam,
1355 1030 1424 1067 alii
1444 1037 1476 1062 15

17 1756 52 1781 65

70 1089 274 1127 mendacio
307 1089 512 1126 cadaueris
545 1088 660 1126 fidem
693 1101 771 1127 non
803 1089 1035 1127 habendam.

161 1148 237 1186 Sed
285 1149 388 1187 hanc
437 1149 732 1186 cunctationem
783 1160 947 1198 sequens
993 1148 1253 1187 adulescentis
1297 1161 1423 1187 sermo
1444 1154 1495 1189 30

71 1207 269 1257 distinxit3
307 1220 396 1246 nam
436 1220 571 1246 rursus
604 1208 725 1246 altius
757 1209 1042 1258 ingemescens:
1081 1204 1243 1257 “dabo⁷'‚
1281 1208 1423 1258 inquit⁷

71 1266 196 1306 “dabo
240 1268 352 1306 uobis
395 1268 656 1306 intemeratae
699 1268 882 1307 ueritatis
927 1268 1179 1306 documenta:
1222 1268 1423 1317 perlucide

72 1328 177 1377 quod
202 1339 363 1378 prorsus
390 1328 491 1366 alius
517 1340 631 1366 nemo
658 1327 887 1379 cognouerit
916 1323 1135 1367 indicab0”.
1173 1330 1269 1366 tunc
1295 1328 1422 1379 digito
1443 1336 1478 1362 37

70 1399 132 1425 me
164 1387 454 1426 demonstrans:
487 1387 603 1426 “nam
635 1400 724 1425 cum
757 1387 930 1437 corporis
960 1388 1038 1426 mei
1064 1390 1194 1427 custos
1221 1388 1284 1426 hic
1310 1400 1422 1439 saga·
1443 1397 1476 1421 21

72 1448 251 1487 cissimus
290 1449 465 1485 exertam
503 1447 601 1486 mihi
637 1449 790 1485 teneret
820 1447 1019 1498 uigiliam,
1058 1448 1293 1486 cantatrices
1327 1461 1424 1486 anus

72 1507 224 1546 exuuiis
262 1508 360 1545 meis
396 1507 634 1545 inminentes
673 1509 792 1557 atque
831 1508 879 1545 ob
918 1507 958 1545 id
996 1508 1235 1546 reformatae
1272 1507 1423 1546 frustra

71 1567 226 1616 saepius
258 1580 347 1606 cum
377 1566 613 1605 industriam
647 1567 823 1605 sedulam
856 1567 939 1605 eius
970 1567 1108 1605 fallere
1141 1567 1424 1616 nequiuissent,

70 1628 312 1676 postremum
361 1627 508 1665 iniecta
558 1627 685 1665 somni
733 1626 878 1665 nebula
927 1639 1050 1676 eoque
1100 1628 1142 1665 in
1186 1627 1423 1676 profundam
1443 1635 1476 1660 25

73 1687 245 1735 quietem
289 1687 444 1736 sepulto
487 1699 549 1725 me
593 1686 750 1725 nomine
796 1687 897 1725 ciere
940 1699 1019 1725 non
1063 1688 1173 1736 prius
1213 1687 1423 1735 desierunt,

73 1758 194 1795 quam
232 1746 326 1785 dum
363 1746 522 1785 hebetes
555 1748 664 1785 artus
697 1748 736 1785 et
766 1746 941 1785 membra
972 1746 1121 1797 frigida
1151 1746 1276 1797 pigris
1309 1759 1422 1785 cona-

70 1805 177 1845 tibus
228 1807 277 1844 ad
327 1805 424 1844 artis
468 1805 645 1857 magicae
689 1806 874 1844 nituntur
917 1806 1116 1856 obsequia.
1178 1807 1242 1845 hic
1286 1808 1424 1857 utpote

166 1920 193 1954 F
216 1920 406 1955 1331'1342.
434 1935 461 1966 φ
482 1921 556 1955 31¹³.
660 1927 676 1954 1
703 1920 829 1965 scigiis
850 1932 913 1956 em.
941 1921 988 1956 al.
1016 1933 1060 1955 m.
1087 1925 1119 1955 et
1145 1935 1172 1965 φ
1270 1928 1287 1954 2
1315 1921 1423 1956 oficia

71 1978 134 2002 em.
162 1981 190 2012 φ
288 1975 305 2001 6
331 1968 538 2003 illumina’*
564 1969 668 2013 (eras.
695 1968 728 2014 s)
785 1983 828 2013 φ;
855 1968 1048 2002 illuminas
1141 1975 1158 2002 8
1184 1972 1206 2003 ὃ
1231 1970 1340 2014 gestu
1366 1970 1422 2013 (cp)

73 2026 155 2049 eum
187 2015 335 2060 gemitu'
356 2016 552 2052 Schikerad
583 2017 629 2060 cf.
654 2028 685 2052 v.
714 2019 759 2051 18
790 2028 873 2050 cum
903 2017 1037 2061 questu
1061 2017 1159 2051 Hild
1184 2016 1424 2062 congemitu?

72 2063 131 2097 He
167 2064 212 2106 cf.
246 2067 394 2106 101,15.-
431 2064 677 2109 congemebat
849 2070 886 2098 10
923 2064 967 2107 cf.
1000 2066 1154 2106 254,20.·
1189 2064 1319 2098 bestiis
1357 2065 1423 2099 ad-

73 2110 193 2153 dicta,
218 2113 355 2155 255,22
473 2113 625 2156 tepente
652 2123 713 2147 em.
736 2124 763 2156 φ
897 2118 934 2146 13
959 2111 1100 2156 popi‘os
1121 2113 1182 2157 (φ,
1206 2112 1269 2147 sed
1288 2117 1420 2156 poster.

72 2168 92 2192 o
118 2158 159 2192 in
184 2160 272 2203 ras.)
298 2170 359 2194 em.
386 2171 406 2194 v
544 2165 580 2193 14
608 2160 783 2194 aestuant
814 2159 894 2193 Oud
1014 2159 1171 2194 tendens
1197 2160 1328 2194 Novdk

72 2204 124 2250 hij
253 2213 289 2240 19
314 2206 507 2251 perlucida
534 2209 616 2242 etv
746 2214 784 2240 20
811 2207 927 2253 (me)
954 2218 1062 2241 nemo
1092 2207 1174 2242 Oud
1289 2218 1422 2253 cogno-

72 2253 225 2288 minarit
256 2255 314 2299 (φ)
345 2253 563 2299 cognouerit
586 2266 606 2289 v
633 2255 802 2299 cognorit
827 2255 958 2290 Nova'k
1102 2261 1137 2288 21
1162 2254 1235 2289 mei
1260 2256 1319 2300 (φ)
1343 2259 1423 2299 post

72 2300 85 2334 i
109 2312 200 2336 eras.
227 2301 244 2335 s
361 2307 398 2335 23
424 2301 568 2336 exubiis
587 2303 642 2346 (φ,
668 2303 740 2338 sed.
766 2304 871 2347 corr.)
991 2308 1028 2336 27
1056 2302 1211 2337 hebetes
1232 2303 1253 2335 11
1282 2303 1353 2337 vid.
1380 2314 1423 2338 ex

73 2360 96 2382 n
122 2359 184 2383 em.
212 2349 290 2384 ead.
317 2360 360 2384 m.

143 2413 256 2446 Apulei
275 2416 342 2440 met.
364 2414 408 2441 ed.
427 2415 544 2440 Helm.
1186 2413 1208 2442 4
