1657 2526
230 51 404 88 APVLEI
429 50 893 87 METAMORPHOSEON
921 51 1009 86 Llss.
1035 50 1142 94 VIIII,
1171 54 1287 86 8—10
1352 54 1437 96 209

15 129 85 154 Oud.

12 178 65 201 609

12 296 66 321 610

14 949 64 973 011

173 165 237 203 Ad
268 167 391 203 istum
431 164 593 203 modum
625 163 885 201 diuinationis
924 165 1014 202 astu
1046 165 1223 213 captioso
1257 176 1435 204 conrase-

84 226 176 263 rant
206 237 286 263 non
316 236 464 273 paruas
496 224 694 273 pecunias.
757 222 824 260 sed
856 222 1033 261 adsiduis
1059 222 1436 274 interrogationibus

86 285 310 334 argumenti
341 285 526 322 satietate
557 283 639 320 iam
670 281 815 320 defecti
846 294 1003 320 rursum
1030 281 1081 320 ad
1106 283 1216 320 uiam
1241 282 1436 332 prodeunt

84 339 230 394 uia[m]
263 338 441 394 tota[m],
474 355 593 391 quam
624 343 739 380 nocte
772 342 1075 391 confeceramus,
1106 341 1223 392 longe
1250 343 1436 392 peiorem,

1459 126 1484 151 E

1457 175 1508 199 160

1460 229 1484 263 9

86 401 251 451 quidni?
283 403 480 441 lacunosis
494 401 681 440 incilibus
703 400 992 451 uoraginosam,
1013 402 1161 451 partim
1175 398 1434 453 stagna<rz>ti
1456 410 1470 435 5

84 461 229 511 palude
255 461 416 500 fluidam
443 463 482 499 et
508 460 604 499 alibi
631 460 815 499 subluuie
842 472 1006 499 caenosa
1032 460 1236 499 lubricam.
1291 461 1435 499 crebris

85 521 252 571 denique
298 521 548 559 offensaculis
600 522 640 558 et
689 519 858 559 assiduis
908 520 1084 569 lapsibus
1134 521 1214 559 iam
1262 521 1436 560 contusis

85 581 263 619 cruribus
303 580 400 618 meis
442 582 508 617 uix
552 579 713 617 tandem
755 580 804 617 ad
843 581 1080 629 campestres
1113 581 1277 618 semitas
1309 581 1435 618 fessus

85 640 251 678 euadere
300 641 425 691 potui.
499 641 538 677 et
588 651 674 677 ecce
726 639 837 678 nobis
886 641 1051 691 repente
1101 639 1148 677 de
1191 642 1305 690 tergo
1354 652 1436 677 ma-

84 697 214 749 n<us>
255 696 473 751 sp<ic>ulis
518 700 664 737 armati
707 700 989 747 supercurrunt
1038 699 1191 748 equites
1242 711 1435 749 aegreque

84 759 260 798 cohibita
304 771 492 808 equorum
538 754 764 810 curr[ic]uli
806 758 916 796 rabie
955 758 1162 796 Philebum
1206 760 1435 809 ceterosque

84 820 246 857 comites
289 820 372 857 eius
415 818 598 856 inuolant
636 818 746 855 auidi
783 818 962 866 colloque
1002 819 1214 856 constricto
1247 819 1286 856 et
1317 820 1435 857 sacri-

83 879 192 929 legos
213 878 466 928 impurosque
488 877 769 927 compellantes
790 877 989 915 interdum
1002 879 1146 927 pugnis
1161 874 1431 931 obuerberant1

83 950 154 976 nec
186 951 264 976 non
296 937 462 977 manicis
495 938 617 976 etiam
649 939 809 975 cunctos
842 938 1025 975 coartant
1057 939 1097 975 et
1126 937 1343 976 identidem
1369 951 1434 975 ur-

83 999 193 1047 genti
225 1010 402 1036 sermone
435 997 711 1047 comprimunt,
743 998 970 1046 promerent
994 998 1128 1046 potius
1156 1009 1319 1034 aureum
1345 1009 1433 1035 can-

82 1057 253 1106 tharum,
285 1059 511 1106 promerent
543 1058 883 1095 auctoramentum
911 1056 1014 1094 illud
1041 1057 1102 1094 sui
1128 1057 1296 1106 sceleris,
1328 1057 1434 1105 quod

83 1117 336 1155 simulatione
374 1117 636 1166 sollemnium,
676 1129 776 1166 quae
814 1116 855 1153 in
887 1117 1023 1165 operto
1055 1116 1353 1164 factitanerant,
1386 1117 1434 1155 ab

82 1176 181 1227 ipsis
223 1176 499 1226 puluinaribus
543 1177 681 1215 matris
727 1176 843 1214 deum
882 1175 1060 1214 clanculo
1092 1176 1234 1221 furati,
1272 1187 1434 1226 prorsus

83 1236 196 1285 quasi
234 1238 398 1287 possent
435 1236 541 1274 tanti
579 1235 765 1274 facinoris
798 1229 809 1287 Η
841 1235 1007 1272 euadere
1039 1235 1277 1284 supplicium
1310 1237 1435 1274 tacita

82 1296 336 1345 profectione,
369 1295 497 1334 adhuc
528 1296 614 1334 luce
640 1294 761 1332 dubia
792 1294 1014 1344 pomerium
1046 1296 1306 1344 peruaserint.
1363 1308 1433 1333 nec

83 1354 208 1393 defuit
257 1354 327 1404 qui
375 1368 495 1393 manu
537 1368 653 1404 super
696 1354 857 1393 dorsum
897 1367 1028 1392 meum
1071 1354 1220 1393 iniecta
1261 1356 1303 1392 in
1345 1356 1432 1405 ipso

83 1414 196 1463 deae,
235 1427 355 1465 quam
400 1415 600 1465 gerebam,
644 1414 795 1465 gremio
833 1416 1032 1452 scrutatus
1063 1414 1282 1464 repperiret
1314 1416 1433 1464 atque

81 1473 257 1512 incoram
289 1476 465 1513 omnium
498 1487 663 1512 aureum
694 1474 943 1523 depromeret
968 1474 1214 1512 cantharum.
1259 1487 1330 1513 nec
1355 1476 1432 1513 isto

177 1587 204 1621 F
227 1588 415 1623 165b166⁵.
444 1602 470 1633 φ
492 1588 567 1623 571’.
664 1595 682 1621 4
709 1588 771 1622 uia
796 1589 877 1622 tota
904 1589 959 1633 (φ)
1004 1588 1105 1622 uiam
1125 1590 1206 1623 tota
1225 1600 1246 1624 υ
1287 1588 1352 1623 uia
1377 1589 1434 1623 in-

85 1637 162 1670 tuta
187 1637 316 1671 Petsch
348 1636 410 1670 uia
436 1637 515 1670 tota
535 1637 595 1671 He
690 1638 800 1670 nocte
826 1637 882 1681 (φ)
915 1635 1097 1671 hactenus
1124 1636 1229 1671 Koch
1261 1638 1347 1671 ante
1374 1638 1433 1672 He

81 1683 144 1718 sed
168 1684 210 1728 cf
233 1686 353 1727 201,5.
392 1688 545 1719 ceterum
570 1684 793 1729 ‘neyleyenter
818 1685 993 1728 eaecerpsit
1012 1684 1084 1729 Ap.
1111 1687 1294 1719 auctorem
1314 1696 1432 1728 suum,

82 1742 161 1766 eum
196 1742 259 1766 nec
292 1732 440 1775 referret
472 1732 674 1767 sacerdotes
707 1732 944 1766 simulacrum
978 1732 1019 1766 in
1053 1732 1182 1776 templo
1217 1731 1432 1776 deposuisse,

82 1789 151 1823 quo
181 1778 262 1822 fleri
288 1780 411 1823 potuit
441 1783 482 1814 ut
505 1780 724 1815 cantharum
749 1779 834 1813 inde
859 1780 1095 1824 surriperent,
1119 1790 1184 1814 nec
1208 1780 1306 1824 ipsos
1331 1781 1433 1824 apud

76 1837 276 1871 pauperem
306 1826 487 1871 quendam
513 1827 711 1870 devertisse,
742 1827 809 1861 ubi
834 1827 963 1862 asinus
987 1827 1156 1870 fabulam
1182 1827 1226 1862 de
1251 1827 1431 1863 adulterio

81 1873 241 1918 lepidam
270 1885 477 1920 coynoscere
501 1876 624 1919 potuit
655 1876 699 1918 cf.
727 1874 838 1909 Λοίκ.
866 1877 911 1908 41
1034 1881 1051 1908 5
1084 1874 1248 1920 stagnati
1280 1876 1335 1920 (φ)
1367 1887 1430 1910 em.

82 1922 130 1956 al
156 1933 201 1956 m.
299 1929 318 1955 θ
342 1922 469 1956 tenosa
495 1924 552 1967 (φ)
577 1934 640 1958 em.
662 1934 682 1957 v
778 1928 848 1967 ullo
880 1921 1084 1966 manipulis
1129 1936 1173 1967 φ;
1199 1922 1384 1967 manipuli

82 1968 263 2013 manipuli
289 1990 332 1994 ——
360 1969 495 2014 equitis
521 1970 656 2005 Floria
682 1969 895 2014 manipulus
922 1970 1011 2005 Prw
1043 1981 1171 2004 manus
1198 1969 1352 2015 spiculis
1372 1970 1432 2006 He

81 2018 126 2061 cf.
146 2029 176 2051 υ.
200 2020 242 2051 11
272 2019 354 2060 189,
357 2019 405 2052 28
429 2017 575 2062 magnis
598 2017 739 2052 baculis
760 2018 834 2053 Leo
859 2018 904 2061 cf.
919 2019 1076 2074 211,17*
1150 2024 1188 2051 10
1208 2018 1431 2064 supcurrunt

81 2065 122 2098 iu
146 2076 214 2110 my.
249 2065 326 2099 ead
359 2076 403 2100 m.
436 2075 498 2099 ·re
549 2077 593 2110 tp:
626 2064 846 2112 supcurrunt
990 2053 1098 2111 eqtes
1148 2079 1193 2110 φτ
1222 2066 1319 2111 eqtis

81 2129 114 2156 11
135 2122 294 2176 cohibite
314 2130 421 2167 quon,
441 2125 497 2169 (φ)
517 2135 580 2158 em.
599 2136 621 2160 v
694 2124 867 2159 curriculi
887 2125 943 2169 (φ)
969 2125 1010 2159 in
1029 2136 1097 2171 my.
1118 2125 1195 2160 ead.
1216 2137 1261 2160 m.
1312 2125 1431 2160 curuli

80 2170 166 2214 (vid.
192 2170 226 2205 ic
251 2171 347 2215 falso
372 2171 430 2205 hie
455 2171 572 2206 addit.
598 2183 642 2207 θα)
659 2183 690 2207 υ.
712 2175 771 2213 10)
799 2184 862 2207 em.
882 2184 904 2207 v
941 2173 986 2216 cf.
1008 2175 1067 2216 75,
1071 2175 1118 2207 18
1223 2180 1260 2207 14
1285 2173 1430 2208 uinctos

87 2217 229 2253 Vulcan
326 2225 361 2252 15
390 2217 692 2272 (lamentantes)
715 2219 963 2265 comprimunt
981 2220 1041 2255 He
1061 2221 1225 2265 (propter
1243 2220 1382 2266 potius)

81 2265 182 2299 ocius
194 2266 270 2301 Ber
272 2266 358 2301 oald
376 2266 545 2310 protinus
557 2267 609 2301 Pr
611 2271 717 2302 eseott
801 2274 838 2301 16
852 2269 1156 2302 auctoramenetu
1175 2269 1323 2312 (poster.
1338 2279 1358 2303 e
1371 2269 1429 2303 in-

81 2313 191 2359 duct.)
281 2320 327 2359 18
328 2314 368 2347 1⁹
388 2314 432 2358 cf.
449 2316 557 2357 199,
538 2329 549 2348 ι
655 2322 689 2348 21
709 2318 825 2359 manli
851 2317 1002 2360 (puncto
1021 2315 1093 2350 tid.
1108 2315 1175 2351 del.
1183 2318 1213 2361 )
1258 2330 1296 2360 φ.
1317 2320 1430 2350 mansi

151 2379 262 2410 Apulei
283 2380 350 2404 met.
372 2378 415 2404 ed,
437 2379 552 2405 Helm.
1176 2379 1216 2409 14

1458 708 1490 732 10

1456 1006 1488 1031 15

1457 1302 1505 1337 10

1454 1365 1485 1389 :21
