1657 2526
269 42 443 78 APVLEI
469 41 935 76 METAMORPHOSEON
963 41 1048 75 LIB.
1072 41 1181 84 VIIII,
1208 45 1263 75 37.
1288 45 1332 75 38
1389 44 1470 85 231

60 118 128 143 Oud.
1489 115 1515 140 E

129 156 313 195 titudinis
345 156 519 205 stragem
551 167 570 191 e
603 154 729 191 tribus
761 153 892 191 iunior
924 154 1068 192 offenso
1101 153 1233 202 lapide
1264 155 1383 202 atque
1410 154 1475 191 ob·

57 225 109 250 663
129 215 254 254 tunsis
292 214 427 265 digitis
465 215 593 252 terrae
632 213 897 262 prosternitur
935 213 1142 261 saeuisque
1182 212 1261 250 illis
1301 215 1340 249 et
1377 214 1475 251 fero-

127 274 293 314 cissimis
332 272 494 312 canibus
530 273 695 310 instruit
733 273 925 310 nefariam
957 271 1114 321 dapem3
1153 274 1340 321 protenus
1373 274 1474 309 enim

127 333 261 372 nancti
309 332 497 382 praedam
544 332 737 369 iacentem
780 331 967 369 misemm
995 326 1000 382 Ι
1027 331 1144 368 illum
1188 331 1474 369 adolescentem

127 393 329 431 frustatim
379 392 615 440 discerpunt.
673 393 793 439 atque
842 393 887 428 ut
937 390 1020 429 eius
1069 390 1229 428 letalem
1279 390 1475 428 ululatum
1514 399 1528 425 5

126 465 341 504 cognouere
368 451 487 489 ceteri
514 452 667 499 fratres,
693 452 903 489 accurrunt
928 451 1072 488 maesti
1091 449 1295 500 suppetias
1316 449 1476 487 obuolu-

125 513 254 560 tisque
305 510 449 549 lacinia
492 510 615 548 laevis
659 504 852 562 ma{[nibus
898 509 1075 559 lapidum
1118 509 1264 548 crebris
1308 509 1476 547 iactibus

125 583 376 621 propugnare
408 570 524 607 fratri
557 571 675 619 atque
709 569 867 619 abigere
900 581 1014 607 canes
1047 568 1344 619 adgrediuntur.
1406 581 1477 606 nee

124 633 257 669 tamen
304 643 438 668 eorum
482 629 669 667 ferociam
714 629 778 666 uel
822 625 1100 679 conter<r>ere
1144 628 1208 665 uel
1252 640 1476 679 expugnare

124 691 303 739 potuere,
341 689 487 738 quippe
526 701 614 726 cum
652 688 896 726 miserrimus
935 687 1164 726 adulescens
1203 687 1346 725 ultima
1380 699 1475 725 uoce
1497 697 1530 721 10

125 749 295 798 prolata,
328 748 578 786 uindicarent
609 748 656 785 de
689 747 954 797 pollutissimo
988 747 1111 785 diuite
1143 748 1310 785 mortem
1340 746 1476 785 fratris

124 809 302 856 iunioris,
334 808 426 846 ilico
458 808 634 845 laniatus
666 807 876 846 interisset.
927 809 1021 845 tunc
1052 806 1197 856 reliqui
1230 807 1372 844 fratres
1398 819 1477 845 non

124 870 206 905 tam
250 868 427 906 hercules
472 867 683 917 desperata
723 880 841 916 quam
879 867 984 904 ultro
1022 867 1203 916 neglecta
1241 878 1311 904 sua
1349 866 1476 905 salute

124 927 366 965 contendunt
398 926 448 965 ad
480 926 645 964 diuitem
679 928 797 975 atque
825 926 1053 964 ardentibus
1080 925 1221 964 animis
1247 926 1476 975 impetuque

123 999 296 1025 uaesano
346 986 546 1036 lapidibus
597 985 742 1024 crebris
793 986 834 1023 in
884 999 974 1023 eum
1024 985 1253 1023 uelitantur.
1317 987 1360 1023 at
1407 985 1476 1023 ille
1497 994 1529 1018 15

125 1047 309 1084 cruentus
342 1048 382 1084 et
412 1045 549 1084 multis
583 1048 673 1084 ante
705 1045 869 1096 flagitiis
902 1044 1096 1083 similibus
1130 1045 1365 1083 exercitatus
1392 1058 1477 1094 per-

124 1118 259 1144 cussor
290 1105 436 1144 iniecta
468 1106 605 1143 lancea
637 1104 803 1143 duorum
836 1105 1008 1142 alterum
1039 1118 1110 1154 per
1140 1106 1277 1154 pectus
1303 1104 1476 1142 medium

122 1165 379 1216 transadegit.
424 1178 495 1203 nee
526 1166 659 1203 tamen
690 1167 916 1214 peremptus
950 1177 995 1202 ac
1020 1176 1203 1214 prorsum
1229 1164 1476 1202 exanimatus

124 1224 351 1263 adulescens
394 1225 462 1262 ille
506 1227 635 1262 terrae
680 1224 868 1273 concidit3
912 1236 1003 1262 nam
1042 1224 1166 1262 telum
1203 1226 1477 1262 transuectum

53 1292 104 1316 664
125 1286 244 1333 atque
289 1297 334 1322 ex
378 1284 551 1322 maxima
595 1286 708 1334 parte
752 1297 853 1334 pone
896 1285 1054 1334 tergum
1098 1284 1277 1334 elapsum
1315 1284 1476 1333 soloque
1498 1293 1531 1318 20

123 1345 232 1383 nisus
266 1344 459 1382 uiolentia
491 1343 660 1381 defixum
691 1344 821 1394 rigore
854 1343 1000 1382 librato
1033 1343 1292 1392 suspenderat
1322 1356 1476 1394 corpus.

125 1403 192 1441 sed
224 1405 262 1441 et
294 1402 455 1452 quidam
488 1403 534 1441 de
567 1403 734 1442 seruulis
765 1415 950 1452 procerus
982 1406 1022 1440 et
1052 1403 1211 1441 ualidus
1244 1403 1385 1442 sicario
1416 1403 1478 1440 illi

124 1464 252 1501 ferens
291 1462 482 1500 auxilium
519 1463 651 1512 lapide
689 1464 868 1501 contorto
907 1463 1019 1501 tertii
1054 1463 1163 1500 illius
1200 1462 1356 1500 iuuenis
1389 1462 1478 1500 dex-

123 1524 255 1560 terum
295 1522 499 1561 brachium
536 1523 656 1573 longo
694 1524 804 1560 iactu
841 1523 1028 1571 petierat,
1073 1522 1139 1560 sed
1177 1523 1329 1572 impetu
1367 1534 1476 1561 casso

124 1595 194 1631 per
237 1584 430 1620 extremos
475 1581 620 1632 digitos
664 1584 937 1621 transcurrens
982 1582 1084 1631 lapis
1126 1584 1263 1621 contra
1302 1583 1477 1620 omnium
1497 1591 1530 1616 25

124 1641 349 1690 opinionem
381 1641 582 1680 deciderat
612 1642 808 1680 innoxius.
859 1655 938 1680 non
970 1642 1121 1679 nullam
1146 1643 1280 1679 tamen
1306 1643 1476 1692 sagacis·
1499 1649 1547 1684 38

124 1702 223 1740 simo
262 1702 400 1739 iuueni
431 1704 648 1751 prouentus
680 1702 890 1739 humanior
920 1701 1122 1739 uindictae
1154 1701 1354 1751 speculam
1387 1701 1477 1740 sub·
1499 1709 1549 1736 178

124 1760 379 1800 ministrauit.
441 1761 534 1799 ficta
565 1773 736 1811 namque
768 1774 908 1800 manus
940 1773 1035 1799 suae
1067 1761 1272 1800 debilitate
1307 1761 1362 1799 sic
1388 1773 1475 1799 cru-

124 1820 369 1859 delissimum
394 1821 578 1859 iuuenem
605 1821 835 1870 compellat:
862 1817 1007 1859 ‘fruere
1035 1820 1155 1860 exitio
1175 1822 1299 1860 totius
1319 1822 1476 1859 nostrae

124 1880 300 1918 familiae
350 1882 389 1918 et
438 1881 631 1931 sanguine
674 1881 795 1918 trium
840 1881 1009 1919 fratrum
1051 1880 1322 1919 insatiabilem
1366 1882 1476 1918 tuam
1497 1890 1530 1915 30

124 1939 398 1977 crudelitatem
435 1952 552 1989 pasce
590 1942 629 1978 et
666 1940 712 1978 de
750 1940 961 1989 prostratis
999 1941 1079 1979 tuis
1119 1940 1271 1979 ciuibus
1306 1940 1476 1991 gloriose

964 2114 1031 2141 1222*

221 2148 249 2181 F
271 2147 366 2182 17012.
406 2162 433 2193 φ
455 2148 517 2182 61¹³
533 2152 603 2182 62³.
749 2156 765 2183 1
792 2148 928 2184 offenso
960 2148 1048 2194 pide
1074 2149 1164 2195 (ead.
1192 2161 1237 2185 m.
1264 2149 1335 2185 vid.
1361 2161 1478 2195 supra

126 2206 211 2241 add.
232 2194 305 2250 lapi,
336 2217 437 2242 eraso
456 2194 486 2226 Pi
513 2209 560 2242 al.
587 2220 630 2243 m.
658 2208 698 2253 pi
729 2210 771 2243 in
801 2212 902 2244 teoetu
931 2210 1012 2253 ser.)
1160 2216 1174 2242 7
1208 2208 1345 2244 ictibus
1378 2210 1476 2245 Kro-

125 2255 219 2289 nenb
344 2261 364 2288 9
388 2256 532 2290 ete-,rere
558 2256 612 2300 (φ)
639 2267 701 2291 em.
731 2256 816 2292 Golv
842 2256 1031 2291 continere
1057 2256 1104 2291 vd
1114 2257 1161 2291 Vl
1289 2263 1324 2290 13
1352 2256 1476 2302 despe-

126 2302 209 2337 rata
235 2302 290 2346 (φ)
316 2302 377 2337 sed
391 2304 404 2311 ”
431 2313 519 2337 eras.
