1657 2526
247 80 333 122 244
430 77 605 113 APVLEI
630 75 1094 113 METAMORPHOSEON
1120 77 1205 112 LIB.
1227 76 1270 122 Χ,
1298 81 1410 112 9—11

175 152 243 177 Oud.
1609 152 1636 178 Ε

245 191 419 242 signauit
462 191 679 241 pecuniam⁷
722 204 841 240 quam
887 191 1035 238 exinde,
1080 192 1126 229 ut
1161 192 1236 229 iste
1274 193 1589 240 repraesentatus

245 253 304 289 est
329 251 487 299 iudicio,
513 252 609 289 iussi
636 250 682 288 de
708 251 804 288 meis
832 251 1001 300 aliquem
1031 251 1225 288 curriculo
1247 250 1410 288 taberna
1430 263 1587 300 promp-

243 313 326 348 tam
359 311 512 348 adferre
546 312 584 348 et
617 323 663 347 en
690 322 776 347 ecce
804 311 998 360 perlatam
1025 322 1156 348 coram
1183 307 1410 360 ex<le>ibeo.
1455 310 1590 347 uideat

243 373 282 408 et
327 383 437 407 suum
483 370 656 420 sigillum
700 371 965 419 recognoscat.
1034 383 1123 407 nam
1175 382 1290 417 quem
1336 369 1385 406 ad
1429 370 1588 407 modum

209 437 223 462 5
245 429 327 467 eius
365 429 506 467 ueneni
545 430 668 466 frater
705 428 930 467 insimulari
960 430 1106 477 potest,
1148 428 1253 478 quod
1284 429 1357 466 iste
1390 441 1589 478 compara-

241 485 384 526 uerit?⁷

177 542 227 577 10
335 548 479 598 Ingens
525 548 662 585 exinde
706 547 961 585 uerberonem
1005 547 1169 596 corripit
1210 547 1423 596 trepidatio
1468 549 1506 585 et
1549 547 1589 584 in

242 607 367 646 uicem
400 607 565 644 humani
598 607 738 644 coloris
772 607 946 644 succedit
977 607 1106 656 pallor
1130 608 1306 644 infernus
1331 619 1476 655 perque
1502 608 1586 644 uni-

241 679 355 704 uersa
398 666 573 704 membra
617 666 784 716 frigidus
825 666 942 704 sudor
980 666 1206 704 emanabat:
1250 668 1343 704 tunc
1381 666 1498 715 pedes
1529 668 1588 704 in·
1608 676 1638 702 15

190 735 222 759 10
244 726 359 763 certis
392 726 722 764 alternationibus
755 738 1010 773 commouere,
1042 726 1156 764 niodo
1189 726 1300 772 hanc,
1332 726 1446 763 modo
1478 726 1587 763 illam

171 793 224 818 697
245 786 387 834 capitis
414 787 565 835 partem
588 786 765 836 scalpere
793 787 832 822 et
858 798 922 823 ore
944 786 1176 823 semiclauso
1196 785 1438 823 balbuttiens
1458 785 1587 824 nescio

242 858 339 894 quas
391 847 557 893 afannas
608 845 780 893 effutire,
825 847 870 882 ut
913 858 1001 882 eum
1045 858 1158 882 nemo
1201 857 1360 893 prorsus
1405 858 1428 882 a
1472 845 1588 894 culpa

240 917 409 942 uacuum
447 906 587 942 merito
627 904 819 953 crederet3
858 905 924 942 sed
961 905 1225 942 reualescente
1266 916 1401 942 rursus
1440 905 1588 942 astutia

240 964 556 1002 constantissime
598 976 741 1014 negare
784 966 822 1001 et
863 976 1059 1002 accersere
1099 963 1292 1002 mendacii
1333 976 1411 1001 non
1443 964 1588 1002 desinit

191 1032 223 1058 15
245 1024 449 1062 medicum.
514 1025 581 1072 qui
613 1026 770 1073 praeter
801 1023 935 1061 iudicii
962 1023 1191 1073 religionem
1219 1036 1303 1060 cum
1330 1023 1449 1060 fidem
1476 1035 1587 1061 suam
1644 1051 1645 1055 ,

240 1096 369 1121 coram
420 1084 587 1121 lacerari
630 1083 800 1131 uideret,
845 1083 1112 1132 multiplicato
1157 1083 1288 1121 studio
1332 1083 1586 1121 uerberonem

239 1143 352 1180 illum
404 1143 606 1180 contendit
655 1142 907 1193 redarguere,
959 1142 1081 1180 donec
1130 1142 1238 1180 iussu
1281 1143 1586 1192 magistratuum
1642 1156 1645 1189 j

238 1203 459 1240 ministeria
499 1202 658 1251 publica
694 1202 946 1240 contrectatis
988 1202 1220 1250 nequissimi
1261 1201 1364 1239 serui
1404 1202 1585 1239 manibus
1642 1194 1644 1245 J

238 1263 400 1299 anulum
427 1263 599 1299 ferreum
633 1262 915 1311 deprehensum
942 1274 1029 1299 cum
1056 1263 1167 1311 signo
1194 1261 1340 1299 sacculi
1367 1262 1585 1309 conferunt,

185 1331 219 1357 20
240 1334 340 1370 quae
373 1323 615 1370 comparatio
642 1321 942 1370 praecedentem
967 1321 1172 1359 roborauit
1198 1320 1467 1369 suspicionem.
1515 1333 1585 1358 nec
1640 1334 1642 1388 J

238 1383 326 1419 rota
358 1381 422 1419 uel
454 1382 609 1419 eculeus
641 1394 749 1419 more
776 1380 1014 1419 Graecorum
1047 1381 1254 1418 tormentis
1281 1381 1363 1418 eius
1390 1382 1584 1430 apparata
1638 1395 1641 1426 1

237 1442 317 1478 iam
363 1441 543 1491 deerant,
588 1441 656 1479 sed
701 1440 920 1478 offirmatus
965 1441 1065 1477 mira
1103 1439 1423 1489 praesumptione
1464 1439 1583 1477 nullis
1638 1434 1640 1489 J

237 1500 465 1538 uerberibus
499 1513 543 1538 ac
574 1514 622 1537 ne
654 1502 739 1548 ipso
774 1500 930 1549 quidem
964 1499 1182 1537 succumbit
1212 1499 1305 1546 igni,
1637 1500 1639 1553 J

166 1555 211 1589 11
328 1560 428 1597 Tum
472 1560 664 1598 medicus:
714 1557 806 1597 ‘non
849 1556 1008 1609 patiar'‚
1051 1560 1201 1609 inquit,
1247 1555 1456 1606 ‘hercules,
1505 1571 1583 1596 non

184 1628 215 1653 25
237 1621 370 1668 patiar
401 1619 464 1656 uel
498 1621 636 1657 contra
669 1620 727 1657 fas
760 1619 805 1656 de
839 1619 1045 1657 innocente
1077 1620 1153 1656 isto
1180 1619 1319 1656 iuuene
1346 1618 1583 1667 supplicium

236 1691 306 1717 uos
351 1691 503 1716 sumere
548 1679 613 1716 uel
657 1679 761 1716 hunc
804 1676 1018 1730 ludificato
1057 1681 1190 1716 nostro
1231 1677 1376 1716 iudicio
1414 1689 1582 1728 poenam

235 1738 342 1775 noxii
375 1739 562 1776 facinoris
595 1738 772 1776 euadere.
824 1738 924 1776 dabo
958 1738 1058 1775 enim
1092 1739 1149 1775 rei
1180 1737 1397 1787 praesentis
1425 1737 1583 1775 euidens

236 1801 522 1847 argumentum.
592 1811 682 1835 nam
722 1810 809 1835 cum
848 1810 1041 1835 uenenum
1080 1798 1391 1846 peremptorium
1429 1809 1583 1846 compa·
1633 1810 1634 1813 ¹

240 1870 327 1895 rare
359 1859 552 1906 pessimus
584 1858 658 1895 iste
686 1857 849 1907 gestiret
874 1870 944 1894 nec
976 1869 1084 1894 meae
1117 1861 1244 1895 sectae
1272 1856 1468 1894 crederem
1493 1868 1581 1894 con-

181 1925 216 1951 30
235 1918 370 1954 uenire
410 1929 546 1955 causas
585 1917 657 1954 ulli
696 1916 881 1965 praebere
914 1916 1051 1954 mortis
1085 1929 1153 1953 nec
1187 1916 1324 1963 exitio,
1362 1915 1428 1954 sed
1461 1915 1581 1953 saluti
1624 1912 1636 1963 J

164 1986 216 2010 698
236 1977 438 2014 hominum
465 1977 700 2014 medicinam
728 1977 947 2024 quaesitam
976 1988 1057 2013 esse
1083 1975 1319 2022 didicissem,
1344 1987 1496 2021 uerens,
1522 1987 1580 2023 ne⁷

237 2036 269 2074 si
297 2036 479 2073 daturum
506 2049 567 2073 me
593 2047 810 2086 negassem,
836 2035 1118 2084 intempestiua
1139 2036 1299 2084 repulsa
1317 2036 1423 2072 uiam
1445 2034 1582 2071 sceleri
1628 2049 1633 2083 μ

239 2095 578 2133 subministrarem
619 2097 658 2132 et
690 2094 737 2132 ab
772 2095 849 2133 alio
884 2093 1081 2143 quopiam
1114 2094 1353 2132 exitiabilem
1386 2096 1580 2131 mercatus
1620 2134 1623 2145 1

234 2155 298 2192 hic
329 2155 531 2204 potionem
563 2155 626 2192 uel
658 2156 902 2204 postremum
934 2154 1067 2204 gladio
1100 2154 1164 2191 uel
1198 2153 1337 2202 quouis
1365 2154 1443 2190 telo
1469 2153 1579 2190 nefas
1620 2151 1623 2194 ἐ

329 2294 355 2327 F
379 2293 474 2327 173³2.
503 2307 529 2337 φ
552 2293 625 2327 64¹³.
723 2300 741 2326 23
768 2293 896 2328 exibeo
924 2296 976 2337 (φ,
1002 2294 1063 2327 sed
1083 2293 1129 2327 al.
1150 2304 1194 2327 m.
1216 2292 1300 2327 add.
1318 2281 1350 2330 l¹)
1448 2298 1480 2324 11
1500 2290 1579 2324 bal-

233 2341 384 2386 butt-cf.
394 2344 500 2384 24,11
517 2344 645 2384 187,23
708 2348 742 2374 1⁶2
758 2342 1047 2385 afannas(<p)em.
1058 2353 1077 2375 v
1091 2342 1134 2383 cf.
1144 2344 1254 2383 210ss
1303 2346 1340 2372 34
1356 2337 1584 2372 telone—fas
