1657 2526
207 53 292 95 248
379 51 555 86 APVLEI
580 50 1046 86 METAMORPHOSEON
1072 51 1158 87 LIB.
1180 51 1224 97 X,
1253 55 1305 86 15.
1335 57 1377 87 16

137 125 196 149 Oad
1571 128 1597 153 E

206 165 421 212 factitasse,
454 164 520 202 sed
553 164 669 213 plane
702 164 841 202 debere
873 166 1023 202 cunctis
1057 165 1207 202 artibus
1234 167 1450 204 communis
1477 166 1554 204 dis-

207 223 340 273 pendii
384 224 577 261 latronem
621 224 787 272 inquiri3
832 236 923 261 nam
967 237 1092 273 neque
1137 226 1304 273 asinum,
1342 227 1410 275 qui
1448 226 1554 264 solus

205 284 422 331 interesset,
454 283 600 320 talibus
634 282 730 321 cibis
763 283 878 321 adfici
912 295 1024 331 posse
1057 285 1096 321 et
1126 286 1259 321 tamen
1291 285 1433 323 cotidie
1465 298 1554 334 par-

137 349 188 375 706
207 342 258 380 tis
293 342 465 380 electiles
499 355 710 391 conparere
742 356 937 392 nusquam
969 356 1038 381 nec
1072 343 1207 392 utique
1235 344 1416 382 cellulam
1443 357 1554 382 suam

170 409 184 435 5
207 404 287 439 tam
327 402 517 439 immanes
554 401 734 439 inuolare
773 414 943 450 muscas,
982 404 1026 440 ut
1064 403 1158 440 olim
1190 403 1392 452 Harpyiae
1434 404 1553 452 fuere,

206 474 306 510 quae
339 461 579 509 diripiebant
611 462 767 498 Fineias
800 461 930 510 dapes.

323 520 480 558 Interea
513 520 743 558 liberalibus
782 521 886 559 cenis
923 522 1119 559 inescatus
1160 523 1198 559 et
1229 522 1413 559 humanis
1444 516 1454 575 NJ
1487 523 1552 560 ad-

205 580 319 617 fatim
353 579 448 618 cibis
481 581 687 629 saginatus
720 592 859 629 corpus
886 580 1003 618 obesa
1028 581 1224 631 pinguitie
1252 582 1551 631 compleueram,

207 639 356 677 corium
389 640 529 677 aruina
562 640 768 677 suculenta
801 640 1058 688 molliueram‚
1091 641 1215 689 pilum
1241 640 1398 678 liberali
1423 643 1551 678 nitore

154 699 463 736 1onut1·iuera1n.
527 699 593 736 sed
632 699 705 736 iste
744 700 915 748 corporis
957 699 1033 737 mei
1071 700 1186 738 decor
1223 700 1367 749 pudori
1399 701 1552 750 peperit

206 759 354 807 grande
387 758 565 796 dedecus,
626 758 789 796 insolita
827 771 995 807 namque
1028 761 1194 809 tergoris
1227 760 1417 797 uastitate
1450 772 1551 798 com-

206 819 315 865 moti,
348 818 506 855 faenum
539 830 698 866 prorsus
724 818 915 856 intactum
944 818 1086 856 cotidie
1113 832 1313 857 remanere
1340 821 1552 868 cernentes,

206 877 286 915 iam
328 879 434 914 totos
479 877 526 915 ad
578 891 638 914 me
683 877 859 928 dirigunt
904 879 1066 916 animos.
1142 881 1181 916 et
1223 878 1320 916 hora
1366 881 1552 917 consueta

206 937 313 974 uelut
345 937 504 974 balneas
546 937 708 985 petituri
748 937 890 975 clausis
929 951 973 975 ex
1010 950 1116 975 more
1148 938 1295 976 foribus
1329 951 1398 988 per
1430 951 1552 987 quan-

154 1005 185 1030 15
207 996 296 1034 dam
341 996 534 1034 modicam
579 1009 788 1034 cauernam
833 997 1028 1034 rimantur
1071 1010 1131 1034 me
1175 999 1321 1046 passim
1363 999 1551 1047 expositis

207 1055 333 1104 epulis
372 1056 639 1093 inhaerentem
702 1068 771 1093 nec
804 1056 888 1093 ulla
920 1069 1012 1093 cura
1044 1057 1125 1094 iam
1157 1057 1290 1094 damni
1323 1059 1383 1095 sui
1415 1057 1551 1095 habita

207 1115 343 1152 mirati
370 1117 637 1154 monstruosas
659 1115 759 1153 asini
780 1115 939 1154 delicias
965 1115 1048 1153 risu
1074 1116 1244 1154 maximo
1271 1116 1552 1165 dirumpuntur

206 1176 427 1224 uocatoque
472 1188 547 1211 uno
594 1177 632 1212 et
678 1176 802 1213 altero
848 1188 891 1212 ac
924 1175 1013 1213 dein
1046 1176 1224 1224 pluribus
1258 1177 1455 1214 conseruis
1488 1176 1550 1213 de-

206 1236 428 1272 monstrant
476 1234 680 1272 infandam
731 1237 950 1273 memoratu
998 1235 1148 1273 hebetis
1196 1235 1361 1273 iumenti
1405 1236 1549 1285 gulam.

152 1302 187 1327 20
206 1294 342 1331 tantus
376 1293 543 1343 denique
585 1307 629 1331 ac
666 1296 748 1332 tam
790 1294 964 1332 liberalis
1004 1295 1215 1333 cachinnus
1248 1297 1409 1333 cunctos
1440 1296 1551 1332 inua-

135 1361 186 1386 707
208 1355 329 1400 serat,
374 1355 417 1391 ut
457 1353 507 1390 ad
549 1366 663 1391 aures
708 1367 862 1403 quoque
907 1352 1256 1403 praetercun[c]tis
1291 1351 1296 1405 Ι
1330 1354 1554 1403 perueniret

136 1419 184 1454 16
206 1413 365 1450 domini.
430 1413 652 1451 sciscitatus
690 1413 870 1462 denique,
909 1413 1003 1462 quid
1036 1413 1180 1452 bonum
1212 1414 1358 1452 rideret
1388 1414 1553 1462 familia,

208 1472 364 1522 cognito
406 1472 508 1521 quod
551 1485 610 1510 res
644 1475 739 1521 erat,
771 1474 855 1522 ipse
889 1486 1043 1522 quoque
1075 1486 1144 1522 per
1174 1473 1278 1510 idem
1310 1475 1552 1522 prospiciens

206 1532 381 1569 foramen
428 1532 646 1569 delectatur
690 1532 850 1581 eximie3
895 1545 940 1570 ac
972 1533 1110 1571 dehinc
1149 1533 1230 1570 risu
1268 1534 1353 1582 ipse
1397 1546 1552 1582 quoque

153 1599 185 1625 25
206 1591 398 1629 latissimo
450 1592 624 1640 adusque
673 1591 950 1630 intestinorum
1000 1592 1173 1630 dolorem
1224 1592 1422 1640 redactus,
1472 1593 1552 1630 iam

206 1651 405 1699 patefacto
451 1651 629 1689 cubiculo
675 1652 854 1701 proxime
899 1651 1113 1689 consistens
1156 1664 1286 1689 coram
1326 1652 1551 1702 arbitratur.

205 1722 297 1747 nam
340 1712 378 1747 et
424 1723 495 1759 ego
539 1710 697 1748 tandem
738 1724 782 1747 ex
821 1712 955 1759 aliqua
987 1713 1099 1759 parte
1131 1711 1292 1749 mollius
1324 1711 1421 1748 mihi
1452 1711 1552 1757 reni-

206 1769 334 1807 dentis
362 1771 542 1807 fortunae
570 1771 858 1819 contemplatus
886 1767 1093 1821 facie<m>‚
1119 1771 1263 1820 gaudio
1283 1772 1550 1821 praesentium

206 1828 389 1866 fiduciam
441 1829 538 1866 mihi
588 1829 928 1879 subministrante,
978 1842 1047 1868 nec
1088 1830 1289 1867 tantillum
1335 1831 1551 1868 commotus

153 1897 186 1922 30
207 1901 364 1926 securus
398 1888 603 1933 esitabam,
645 1889 775 1937 quoad
807 1891 985 1927 nouitate
1018 1889 1234 1939 spectaculi
1266 1890 1393 1927 laetus
1429 1889 1551 1930 domi-

206 1960 277 1985 nus
320 1948 475 1985 aedium
518 1948 605 1985 duci
649 1962 708 1986 me
740 1949 874 1997 iussit,
917 1949 1036 1986 immo
1078 1961 1170 1986 uero
1204 1948 1283 1986 suis
1316 1950 1436 1987 etiam
1467 1950 1551 1998 ipse

301 2062 328 2095 F
352 2062 469 2095 174¹1b.
498 2076 524 2106 φ
546 2064 641 2095 65⁸¹).
763 2069 781 2095 3
813 2062 938 2106 adfici]
970 2062 1100 2106 pasci?
1127 2063 1201 2097 Leo
1315 2062 1424 2107 pates
1452 2064 1481 2106 (t
1512 2067 1553 2097 ut

206 2110 276 2144 vid.
305 2121 347 2144 ex
374 2109 418 2143 sti
445 2121 533 2144 corr.
556 2114 587 2144 et
610 2115 626 2123 ““
645 2110 729 2144 add.
751 2111 796 2144 al.
820 2110 878 2154 m.)
929 2124 972 2154 φε
1000 2109 1116 2154 pastis
1160 2111 1283 2154 partes
1309 2122 1329 2145 v
1426 2116 1444 2143 8
1469 2109 1549 2154 pin-

207 2156 325 2202 guitie
422 2164 455 2190 11
483 2157 656 2191 commoti
679 2157 805 2204 <mei>
833 2158 918 2201 (scil.
941 2156 1092 2200 domina
1120 2158 1245 2192 Rohcle
1341 2165 1376 2190 12
1402 2157 1552 2191 faenum

210 2215 396 2261 (fratres)
431 2217 617 2251 Brakman
714 2223 748 2250 14
774 2215 888 2250 uelud
985 2223 1020 2250 21
1047 2207 1234 2260 ptcunctis
1258 2219 1310 2261 (φ,
1336 2217 1397 2251 sed
1422 2228 1484 2251 em.
1505 2228 1550 2251 m.

203 2266 275 2308 pr.)
374 2271 410 2297 22
442 2265 578 2298 bonum
617 2265 661 2306 cf.
684 2267 789 2306 94,10
822 2275 958 2297 nouum
987 2264 1101 2298 Koch·
1186 2271 1223 2298 *24
1255 2264 1400 2311 exumie
1433 2276 1495 2298 em.
1524 2278 1549 2309 φ

255 2317 292 2344 28
319 2310 413 2345 facie
441 2313 495 2356 (φ)
523 2323 584 2346 cm.
611 2324 631 2347 v
729 2318 763 2345 31
794 2311 977 2358 <in>duci
1004 2311 1062 2346 Ile
