1657 2526
280 50 453 84 APVIAEI
481 47 942 83 METAMORPHOSEON
973 47 1059 82 1213.
1082 47 1123 90 X,
1152 50 1207 81 34.
1229 51 1271 79 35
1365 48 1450 89 265

34 127 102 153 oud.
1464 118 1492 144 E

34 173 83 199 748
103 163 302 214 quandam
347 163 537 200 latentem
582 160 753 198 fistulam
798 160 839 196 in
884 160 1077 197 excelsum
1120 159 1323 208 porumpit
1359 160 1452 195 uino

102 235 236 262 crocus
274 221 401 259 diluta
433 221 678 270 sparsimque
711 219 883 257 defluens
915 219 1112 267 pascentis
1146 218 1249 255 circa
1282 218 1453 266 capellas

101 282 220 322 odoro
253 281 430 330 perpluit
460 280 602 328 imbre,
621 274 632 332 Η
653 279 775 316 donec
806 280 848 315 in
879 279 1082 316 meliorem
1114 277 1336 315 maculatae
1369 290 1451 326 spe-

101 342 198 380 ciem
243 340 430 378 canitiem
468 340 669 389 propriam
707 338 814 376 luteo
854 337 981 376 colore
1021 338 1232 374 mutarent.
1295 337 1452 385 iamque

100 402 186 439 tota
224 412 344 438 suaue
379 399 577 450 fraglante
610 410 734 436 cauea
764 399 939 435 montem
972 396 1083 433 illum
1117 396 1293 446 ligneum
1324 397 1452 434 terrae
1473 405 1486 429 5

101 472 250 510 uorago
282 460 445 508 recepit.

182 519 280 556 Ecce
320 517 479 568 quidam
519 517 632 554 miles
670 530 740 566 per
777 515 947 553 mediam
986 515 1161 564 plateam
1197 514 1336 565 dirigit
1368 526 1451 552 cur-

100 591 187 617 sum
231 579 428 627 petiturus
471 577 552 614 iam
595 576 742 626 populo
787 575 1014 624 postulante
1059 574 1171 612 illam
1210 574 1256 612 de
1294 574 1451 623 publico

102 650 254 676 carcere
298 637 523 680 mulierem,
570 649 689 685 quam
727 635 808 673 dixi
846 636 1008 684 propter
1045 634 1288 672 multiforme
1328 634 1452 672 scelus

33 706 82 732 749
100 697 221 736 bestis
267 709 349 735 esse
394 696 622 734 damnatam
666 696 841 743 meisque
885 693 1100 743 praeclaris
1144 694 1294 743 nuptiis
1336 693 1453 731 desti·
1475 703 1508 727 10

0 749 2 757 ’
100 758 247 795 natam.
311 758 351 794 et
388 756 468 794 iam
506 757 616 793 torus
655 755 824 804 genialis
856 753 1007 792 scilicet
1039 755 1172 792 noster
1203 754 1359 791 futurus
1393 765 1452 791 ac-

101 816 347 854 curatissime
386 814 677 853 disternebatur
714 815 838 852 lectus
876 812 1012 851 Indica
1050 812 1248 851 testudine
1286 813 1452 862 perluci—

100 876 189 924 dus,
227 876 388 924 plumea
426 874 606 925 congerie
644 873 839 921 tumidus,
877 874 985 911 ueste
1021 873 1146 911 serica
1177 872 1349 911 floridus.
1413 874 1454 909 at

100 948 171 986 ego
206 937 364 984 praeter
394 934 588 983 pudorem
620 933 790 972 obeundi
822 933 978 982 publice
1011 932 1259 979 concubitus,
1297 934 1454 981 praeter

99 995 327 1045 contagium
360 995 547 1032 scelestae
573 993 830 1042 pollutaeque
857 993 1038 1040 feminae,
1070 993 1179 1030 metu
1205 993 1325 1029 etiam
1351 1005 1452 1029 mor-
1475 1001 1506 1026 15

99 1055 151 1092 tis
189 1054 358 1092 maxime
397 1053 602 1091 cruciabar
639 1054 694 1091 sic
725 1054 809 1102 ipse
842 1065 994 1090 mecum
1025 1054 1232 1101 reputans,
1271 1051 1376 1100 quod
1412 1053 1450 1088 in

101 1114 286 1163 amplexu
317 1113 487 1151 Venerio
521 1113 672 1151 scilicet
701 1112 813 1150 nobis
841 1112 1154 1160 cohaerentibus,
1186 1124 1453 1160 quaecumque

100 1173 150 1211 ad
182 1173 344 1211 exitium
376 1172 554 1210 mulieris
586 1172 713 1210 bestia
744 1171 886 1210 fuisset
917 1171 1113 1219 immissa,
1150 1183 1229 1209 non
1261 1170 1358 1209 adeo
1391 1171 1455 1208 uel

100 1232 312 1282 prudentia
350 1232 486 1270 sollers
524 1232 588 1270 uel
625 1231 794 1270 artificio
830 1231 946 1269 docta
978 1231 1043 1268 uel
1076 1230 1316 1269 abstinentia
1348 1230 1453 1281 frugi

100 1293 233 1342 posset
263 1292 485 1342 prouenire,
517 1293 563 1329 ut
594 1291 840 1329 adiacentem
872 1291 990 1328 lateri
1022 1303 1108 1328 meo
1140 1290 1332 1328 laceraret
1366 1303 1453 1328 mu-
1476 1301 1508 1324 20

99 1352 252 1400 lierem,
296 1351 394 1389 mihi
435 1364 529 1389 uero
569 1352 684 1400 quasi
721 1350 949 1388 indemnato
989 1351 1027 1388 et
1065 1350 1225 1388 innoxio
1263 1352 1453 1399 parceret.

99 1424 190 1461 ergo
223 1411 348 1462 igitur
379 1424 456 1449 non
490 1411 536 1448 de
568 1410 716 1459 pudore
750 1411 849 1458 iam,
888 1410 955 1448 sed
987 1410 1033 1447 de
1067 1410 1194 1449 salute
1227 1410 1315 1459 ipsa
1347 1409 1453 1447 solli·
1475 1417 1524 1452 35

99 1471 219 1518 citus,
264 1470 357 1508 dum
400 1471 592 1520 magister
635 1483 744 1508 meus
781 1470 926 1508 lectulo
965 1469 1086 1519 probe
1125 1469 1348 1519 coaptando
1390 1469 1452 1507 de-

100 1531 259 1568 strictus
297 1530 466 1567 inseruit
504 1531 543 1568 et
580 1531 666 1568 tota
705 1530 859 1567 familia
897 1530 1045 1579 partim
1082 1529 1303 1568 ministerio
1336 1542 1453 1567 uena-

98 1590 219 1628 tionis
270 1591 480 1638 occupata,
529 1589 676 1638 partim
727 1590 954 1638 uoluptario
1002 1589 1228 1639 spectaculo
1274 1589 1454 1627 adtonita
1475 1598 1507 1623 25

31 1655 80 1682 7⁵0
99 1650 196 1688 meis
250 1649 558 1699 cogitationibus
608 1648 776 1687 liberum
826 1648 1076 1687 tribuebatur
1125 1648 1334 1687 arbitrium
1385 1662 1454 1687 nec

98 1721 338 1759 magnopere
371 1710 583 1758 quisquam
615 1708 914 1747 custodiendum
946 1710 1029 1747 tam
1060 1709 1313 1747 mansuetum
1339 1710 1453 1758 puta·
1538 1716 1568 1737 Ι

96 1768 167 1807 bat
194 1769 360 1816 asinum,
386 1768 581 1818 paulatim
609 1768 802 1806 furtiuum
828 1769 965 1817 pedem
993 1769 1196 1817 proferens
1216 1762 1453 1821 po<r>1tam‚

98 1840 199 1877 quae
232 1828 412 1877 proxima
444 1830 515 1876 est,
550 1829 704 1878 potitus
737 1829 818 1866 iam
850 1841 965 1866 cursu
997 1841 1058 1866 me
1091 1828 1296 1866 celerrimo
1328 1828 1453 1878 prori-
1473 1839 1526 1864 205

97 1886 163 1936 pio
214 1899 357 1936 sexque
407 1888 502 1926 totis
552 1900 744 1936 passuum
794 1887 956 1925 milibus
1005 1889 1220 1937 perniciter
1267 1888 1453 1926 confectis
1474 1899 1508 1923 30

191 2035 218 2070 F
236 2036 425 2071 177b178³.
453 2051 480 2082 φ
496 2037 569 2071 68¹².
668 2044 683 2070 1
704 2037 794 2072 Iuno
816 2037 869 2082 (Iu
890 2049 933 2073 ex
953 2037 992 2072 bi
1013 2039 1060 2073 al.
1081 2050 1125 2073 m.
1148 2042 1189 2073 ut
1208 2038 1280 2073 vid.
1300 2039 1406 2082 corr.)

98 2134 142 2164 tp:
169 2101 258 2155 bino
285 2117 318 2166 (v
344 2120 428 2155 add.
456 2121 534 2174 ead.
560 2122 620 2166 m.)
775 2129 793 2156 5
818 2123 864 2165 cf.
890 2124 1024 2164 253,st
1177 2129 1195 2156 6
1222 2121 1370 2167 decepit
1395 2123 1452 2166 (φ)

96 2179 160 2203 em.
186 2179 206 2203 v
321 2175 357 2201 10
383 2167 498 2202 bestis
543 2182 587 2213 qa:
613 2168 744 2205 bestiis
765 2171 810 2214 ef.
832 2172 964 2213 199,15
1078 2177 1111 2205 11
1139 2170 1216 2205 etia.
1242 2171 1300 2215 (φ)
1325 2170 1407 2205 dist.
1438 2181 1454 2203 z:

97 2216 143 2259 cf.
169 2218 253 2258 30,3
397 2221 435 2249 23
461 2214 653 2251 districtus
680 2228 700 2252 v
726 2218 772 2261 cf.
798 2219 907 2260 216,3
1062 2224 1099 2252 28
1125 2219 1217 2263 pota
1243 2229 1307 2253 em.
1333 2217 1382 2252 al.
1408 2229 1453 2251 m.

97 2267 130 2298 et
154 2277 181 2307 φ
207 2264 254 2307 <fi
273 2264 350 2308 γιον.
376 2266 421 2298 15
446 2264 571 2308 (21,6)‚
596 2264 659 2299 sed
683 2269 761 2300 met.
782 2267 892 2307 81,23
916 2267 1027 2307 89,20
1053 2268 1160 2308 91,14
1189 2268 1294 2308 110,4.
1326 2268 1455 2309 1.21‚10·

96 2313 229 2354 224,18
337 2317 374 2344 29
400 2310 506 2346 cursfi
532 2321 551 2347 e
578 2312 624 2347 al.
652 2324 698 2347 m.
724 2316 812 2348 mut.
839 2313 880 2347 in
905 2313 1012 2352 eursu
1039 2323 1098 2352 me
1124 2315 1169 2360 σῇ
1203 2315 1311 2356 75,16
