1657 2526
223 83 308 124 246
394 80 567 115 APVLEI
593 79 1057 116 METAMORPHOSEON
1082 80 1170 116 LIB.
1190 82 1233 125 X,
1262 85 1316 117 13.
1345 86 1387 117 14

153 155 221 179 Oud.
1583 157 1609 182 E

153 188 202 223 13
311 194 366 231 At
399 206 469 244 ego
501 195 596 232 tunc
627 196 816 243 temporis
853 194 1002 232 talibus
1034 195 1207 232 fatorum
1239 195 1424 233 fiuctibus
1455 195 1565 233 uolu-

222 253 347 292 tabar.
411 254 521 292 miles
564 254 645 302 ille,
689 254 757 302 qui
797 266 858 291 me
897 254 1004 292 nullo
1042 254 1236 292 uendente
1270 256 1568 304 comparauerat

224 315 262 351 et
303 314 385 351 sine
426 314 553 362 pretio
596 326 711 351 suum
751 313 909 360 fecerat,
948 314 1097 351 tribuni
1129 315 1190 351 sui
1221 316 1429 363 praecepto
1461 314 1566 352 debi-

222 374 309 410 tum
354 373 551 410 sustinens
597 372 838 422 obsequium,
883 373 1038 410 litteras
1081 373 1130 410 ad
1173 385 1359 422 magnum
1400 373 1567 423 scriptas

187 440 202 466 5
223 432 439 481 principem
472 432 639 470 Romam
676 444 813 470 uersus
852 433 1093 481 perlaturus,
1131 433 1272 470 uicinis
1309 446 1370 470 me
1408 433 1566 481 quibus-

224 491 313 529 dam
355 491 503 529 duobus
548 491 670 529 seruis
712 492 900 530 fratribus
943 492 1123 530 undecim
1165 491 1335 529 denariis
1376 492 1567 531 uendidit.

153 558 203 585 701
222 551 284 588 his
317 553 402 588 erat
428 551 539 588 diues
563 546 564 603 l
590 551 798 589 admodum
826 551 1015 589 dominus.
1068 554 1108 588 at
1135 552 1293 589 illorum
1320 551 1420 589 alter
1443 552 1570 601 pistor

223 610 451 657 dulciarius,
493 611 563 659 qui
594 623 714 659 panes
748 612 787 647 et
818 611 970 648 mellita
1002 611 1263 649 concinnabat
1295 611 1436 659 edulia,
1469 611 1569 648 alter

225 683 350 717 cocus,
383 669 452 718 qui
486 670 745 719 sapidissimis
777 670 1017 708 intrimentis
1050 683 1212 708 sucuum
1243 671 1447 720 pulmenta
1480 683 1567 708 con-

171 739 204 763 10
226 729 309 767 dita
346 742 493 778 uapore
531 728 723 767 mollibat.
785 731 898 768 unico
937 730 999 768 illi
1033 730 1286 767 contubernio
1325 742 1569 768 communem

224 788 352 826 uitam
385 787 633 826 sustinebant
664 802 804 838 meque
837 789 885 826 ad
911 802 1009 827 uasa
1035 789 1106 826 illa
1132 790 1351 838 compluria
1376 789 1569 839 gestanda

225 844 625 899 prae[de]stinarant,
665 861 764 897 quae
803 849 951 886 domini
987 850 1165 899 regiones
1202 849 1399 898 plusculas
1440 862 1568 898 perer-

153 915 205 942 702
224 909 350 946 rantis
395 908 517 945 uariis
562 908 696 946 usibus
741 911 853 946 erant
902 908 1131 954 necessaria.
1196 909 1391 946 adsciscor
1433 909 1568 957 itaque

221 968 327 1005 inter
367 967 464 1005 duos
509 967 597 1005 illos
637 968 779 1006 fratres
817 970 957 1005 tertius
999 967 1302 1016 contubernalis,
1339 967 1447 1005 haud
1486 968 1567 1005 ullo

169 1036 202 1062 15
222 1028 397 1077 tempore
429 1029 513 1065 tam
545 1027 771 1065 beniuolam
804 1028 1004 1065 fortunam
1036 1029 1229 1076 expertus.
1286 1040 1376 1064 nam
1403 1040 1569 1076 uespera

222 1089 312 1136 post
351 1087 536 1135 opiparas
576 1099 690 1125 cenas
733 1100 944 1136 earumque
986 1086 1320 1136 splendidissimos
1354 1088 1568 1136 apparatus

223 1147 371 1184 multas
403 1159 565 1183 numero
597 1148 729 1196 partes
762 1148 803 1184 in
836 1147 1020 1184 cellulam
1053 1159 1166 1184 suam
1192 1148 1268 1184 mei
1301 1147 1479 1184 solebant
1510 1159 1567 1184 re-

222 1208 379 1255 portare
407 1206 571 1243 domini:
598 1206 665 1243 ille
685 1218 906 1255 porcorum,
927 1206 1139 1255 pullorum,
1158 1206 1326 1255 piscium
1354 1208 1392 1243 et
1413 1207 1567 1244 cuiusce
1589 1214 1629 1240 19«

222 1266 329 1303 modi
369 1266 662 1315 pulmentorum
704 1265 947 1316 largissimas
986 1265 1186 1314 reliquias,
1227 1265 1288 1303 hic
1320 1277 1452 1315 panes,
1485 1278 1568 1303 cru·

170 1333 203 1358 20
223 1326 345 1370 stula,
378 1325 625 1372 Iucunculos,
666 1325 820 1374 hamos,
861 1325 1072 1363 lacertulos
1112 1326 1151 1362 et
1187 1325 1303 1374 plura
1335 1325 1569 1362 scitamenta

152 1391 203 1418 703
222 1385 386 1422 mellita.
450 1385 520 1433 qui
559 1397 646 1422 cum
684 1397 724 1423 se
756 1385 943 1422 refecturi
975 1385 1108 1422 clausa
1140 1385 1282 1422 cellula
1312 1384 1474 1422 balneas
1506 1397 1570 1434 pe-

223 1444 375 1492 tissent,
413 1444 556 1482 oblatis
596 1457 667 1494 ego
706 1444 898 1482 diuinitus
937 1444 1102 1493 dapibus
1142 1444 1306 1481 adfatim
1349 1443 1570 1494 saginabar.

221 1516 292 1541 nec
330 1504 433 1541 enim
471 1506 553 1540 tam
592 1504 739 1541 stultus
779 1516 884 1541 eram
923 1506 1083 1552 tamque
1116 1517 1206 1541 uere
1239 1503 1384 1553 asinus,
1417 1505 1460 1540 ut
1486 1503 1569 1540 dul-

222 1564 388 1602 cissimis
432 1563 511 1601 illis
555 1563 703 1601 relictis
749 1563 845 1601 cibis
891 1576 1068 1601 cenarem
1112 1564 1369 1611 asperrimum
1401 1563 1569 1600 faenum.

154 1628 202 1665 14
223 1625 261 1661 et
302 1623 369 1661 diu
421 1623 579 1672 quidem
623 1623 885 1671 pulcherrime
930 1623 1026 1660 mihi
1070 1623 1289 1659 furatrinae
1334 1622 1571 1670 procedebat

170 1691 203 1716 26
224 1683 446 1731 artificium,
481 1682 625 1731 quippe
660 1683 786 1719 adhuc
818 1682 955 1720 timide
988 1684 1027 1720 et
1058 1683 1154 1720 satis
1187 1694 1303 1731 parce
1336 1681 1571 1731 subripienti

223 1742 269 1781 de
302 1745 384 1780 tam
428 1743 564 1780 multis
611 1742 800 1792 pauciora
838 1755 908 1780 nec
946 1742 1026 1779 illis
1066 1741 1223 1779 fraudes
1255 1741 1357 1778 ullas
1388 1742 1429 1778 in
1462 1741 1571 1778 asino

316 1868 343 1901 F
372 1871 465 1902 174².
494 1882 520 1912 φ
543 1867 687 1902 641’652.
785 1874 802 1900 2
829 1868 1073 1912 cdparauerat
1098 1868 1156 1900 rat
1182 1868 1218 1911 (p
1246 1878 1289 1901 ea:
1314 1879 1331 1900 1·
1356 1867 1402 1900 al.
1432 1878 1487 1909 m.‚
1514 1867 1573 1899 rat

221 1916 372 1960 induet.)
486 1922 504 1948 3
537 1915 656 1960 pretio
683 1917 739 1960 (φ)
766 1926 786 1949 o
819 1927 862 1949 ex
893 1917 917 1948 fi
950 1914 1086 1959 eadm
1111 1926 1155 1948 m.
1183 1925 1272 1949 corr.
1389 1921 1406 1947 4
1439 1914 1572 1948 sistens

222 1988 310 2022 Prie
335 1988 411 2021 coll.
432 1989 566 2030 238,10
671 1993 689 2020 8
710 1971 979 2043 “ὀοὶηῐιὲ133,ᾐ*<θ
1006 1990 1091 2020 mut.
1120 1986 1159 2019 m
1191 1996 1213 2019 a
1239 1990 1271 2020 et
1300 1996 1415 2029 supra
1449 1985 1534 2019 add.
1556 1981 1573 1998 ²²

221 2051 262 2081 ut
292 2047 363 2081 vid.
386 2058 445 2091 pr.
472 2047 531 2089 m.)
676 2053 709 2079 11
745 2045 944 2079 sustinebat
976 2048 1077 2089 (eras.
1113 2045 1183 2079 vid.
1206 2042 1239 2087 ¹²,
1265 2049 1292 2050 ἶ
1313 2045 1361 2078 αῖ.
1392 2055 1436 2078 m.
1471 2044 1572 2079 add.)
1636 2087 1637 2090 Ἴ

221 2095 266 2136 cf.
281 2097 386 2137 241,z
485 2100 520 2127 12
541 2093 863 2137 praedestinarant
883 2095 937 2137 (φ)
958 2104 1020 2127 em.
1036 2105 1056 2128 v
1076 2094 1243 2134 ef186,17
1338 2090 1425 2125 unis
1447 2092 1480 2135 (f
1501 2092 1572 2126 vid.

225 2143 271 2176 al.
299 2153 344 2176 m.
372 2142 471 2186 add.)
499 2163 542 2166 —
570 2141 778 2187 pei-ramim
806 2141 860 2185 (b,
888 2141 925 2175 al
955 2152 999 2175 m.
1022 2152 1064 2175 ex
1091 2140 1108 2173 s
1129 2144 1169 2174 ut
1189 2140 1260 2174 vid.
1282 2141 1385 2184 corr.)
1437 2153 1481 2183 φτ
1510 2138 1574 2173 &ni

223 2222 264 2225 ——
288 2201 473 2247 pei-rantis
521 2238 527 2244 ,
578 2207 612 2234 14
622 2190 726 2234 *ttius
736 2189 840 2234 mttius
856 2201 978 2244 (prius
997 2199 1149 2244 induet.)
1246 2206 1282 2232 16
1308 2198 1575 2245 e<pul>arum-

221 2260 291 2292 que
317 2249 362 2282 vd
374 2249 421 2283 Vl
446 2249 519 2291 fort
561 2253 652 2283 reete
679 2258 922 2291 escarumque
944 2248 1052 2282 Iso-all
1148 2253 1184 2280 18
1212 2246 1359 2281 cuiusce
1384 2246 1429 2288 cf.
1446 2249 1574 2288 190‚15

271 2303 309 2329 20
323 2296 543 2330 Incuneulos
553 2307 615 2330 cm.
633 2296 716 2330 θεαὶ
731 2295 876 2329 lucunt-
890 2295 1063 2329 Krommb
1078 2295 1122 2337 cf.
1138 2294 1253 2338 praef.
1265 2297 1321 2334 44,
1334 2294 1396 2328 sed
1410 2295 1575 2328 Heraeus

223 2344 850 2388 syrach.d.Pet1·0anz.1s99p.49
883 2341 1081 2378 laterculos
1092 2342 1175 2378 Colv
1184 2343 1575 2377 cozl.Plaut.Poen.325
