1611 2516
175 90 232 132 60
340 88 516 124 APVLEI
542 84 1012 122 METAMORPHOSEON
1038 85 1126 121 LIB.
1146 85 1207 129 III,
1235 89 1288 120 11.
1317 89 1359 120 12

106 166 173 191 oud.
1522 161 1549 185 E
1609 159 1611 164 ’

106 211 152 246 11
264 203 363 241 Ecce
394 201 488 240 ilico
520 202 639 239 etiam
672 200 749 249 ipsi
780 199 1037 249 magistratus
1071 211 1159 236 cum
1190 198 1270 236 suis
1299 198 1520 249 insignibus

175 263 333 301 domum
382 262 555 300 nostram
600 258 766 310 ingressi
806 253 810 311 1
851 258 998 297 talibus
1041 271 1102 295 me
1146 257 1308 296 monitis
1352 257 1522 296 delenire

176 323 368 372 gestiunt:
402 318 555 368 ‘Neque
586 321 678 357 tuae
710 318 916 369 dignitatis
948 318 1014 356 uel
1046 317 1166 356 etiam
1197 318 1404 366 prosapiae
1436 318 1521 356 tuo-

176 394 263 419 rum
289 379 420 431 ignari
446 391 593 427 sumus,
618 377 716 416 Luci
741 377 913 428 domine3
945 390 1037 415 nam
1064 378 1102 414 et
1126 377 1373 425 prouinciam
1396 378 1524 416 totam

142 450 156 476 5
176 441 338 479 inclitae
388 441 542 478 uestrae
593 438 767 476 familiae
810 436 996 475 nobilitas
1041 436 1314 485 conplectitur.
1389 448 1433 474 ac
1476 449 1523 474 ne

178 500 296 548 istud,
328 499 433 549 quod
459 498 710 537 uehementer
735 496 977 547 ingemescis,
1010 495 1270 534 contumeliae
1297 508 1414 534 causa
1439 509 1525 545 per-

178 572 314 609 pessus
359 571 408 597 es.
484 570 639 596 omnem
680 557 818 605 itaque
863 555 909 594 de
952 558 1023 594 tuo
1073 557 1230 604 pectore
1279 556 1526 605 praesentem

109 631 159 655 1513
178 618 468 658 tristitudinem
499 618 615 655 mitte
647 618 685 654 et
718 628 904 666 angorem
937 615 1058 653 animi
1090 614 1251 663 depelle.
1296 627 1387 653 nam
1418 614 1526 653 lusus

178 681 265 727 iste,
294 691 409 728 quem
434 677 592 727 publice
619 675 845 727 gratissimo
872 675 943 713 deo
969 675 1084 713 Risui
1108 687 1179 724 per
1205 687 1335 712 annua
1365 674 1526 712 reuerti-

126 751 160 776 10
182 739 270 777 cula
314 738 558 775 sollemniter
602 735 862 783 celebramus,
907 746 1058 783 semper
1102 734 1312 772 commenti
1350 734 1527 772 nouitate

180 797 360 836 florescit.
405 797 479 836 iste
512 795 606 835 deus
638 797 839 833 auctorem
872 796 911 832 et
936 790 1166 844 <ac>torem
1192 806 1306 832 suum
1332 793 1527 842 propitius

181 858 325 907 ubique
358 856 611 895 comitabitur
648 856 828 893 amanter
859 866 928 891 1166
959 866 1149 902 umquam
1180 854 1368 902 patietur,
1406 857 1452 890 ut
1484 865 1529 890 ex

182 919 314 956 animo
348 916 492 964 doleas,
525 915 592 954 sed
625 915 794 952 frontem
824 915 937 951 tuam
968 925 1104 951 serena
1129 914 1338 951 uenustate
1363 911 1530 950 laetabit

183 976 357 1015 adsidue.
422 977 463 1014 at
504 974 574 1013 tibi
614 974 756 1012 ciuitas
795 973 921 1011 omnis
962 985 1033 1021 pro
1074 973 1153 1010 ista
1193 973 1323 1022 gratia
1363 972 1529 1010 honores

132 1050 164 1074 15
185 1037 362 1087 egregios
395 1035 559 1082 obtulit,
598 1046 688 1071 nam
723 1035 761 1071 et
792 1035 1003 1082 patronum
1036 1031 1194 1070 scribsit
1225 1034 1263 1069 et
1293 1033 1339 1069 ut
1370 1031 1411 1068 in
1443 1043 1530 1070 aere

185 1098 262 1134 stet
292 1095 423 1145 imago
454 1097 525 1132 tua
557 1089 756 1131 decreuit?

275 1155 338 1193 Ad
374 1156 470 1192 haec
508 1153 613 1191 dicta
652 1152 841 1191 sermonis
881 1151 1009 1189 uicem
1039 1151 1184 1189 refero:
1224 1147 1313 1187 ‘tibi
1345 1145 1532 1199 quidem',

184 1217 359 1264 inquam,
394 1211 727 1262 ‘splendidissima
759 1214 798 1250 et
829 1211 947 1249 unica
974 1210 1201 1248 Thessaliae
1228 1209 1382 1258 ciuitas,
1413 1209 1531 1247 hono-

132 1290 165 1314 19
184 1288 274 1313 rum
314 1275 456 1312 talium
500 1285 634 1322 parem
680 1272 852 1322 gratiam
895 1270 1072 1318 memini,
1117 1283 1256 1307 uerum
1296 1270 1451 1307 statuas
1495 1270 1535 1306 et

115 1350 165 1374 194
184 1334 378 1384 imagines
404 1332 648 1383 dignioribus
669 1327 884 1382 mei[s]que
904 1329 1119 1368 maioribus
1139 1340 1338 1367 reseruare
1360 1325 1532 1367 suadeo?

117 1395 165 1429 12
276 1393 339 1431 Sic
371 1393 564 1442 pudenter
597 1392 794 1430 allocutus
826 1392 865 1428 et
895 1389 1097 1440 paulisper
1127 1389 1254 1426 hilaro
1287 1388 1402 1426 uultu
1432 1387 1534 1426 reni-

187 1453 280 1492 dens
314 1453 586 1502 quantumque
618 1452 798 1500 poteram
829 1450 1035 1488 laetiorem
1067 1461 1128 1487 me
1154 1448 1347 1498 refingens
1373 1447 1535 1490 comiter

187 1513 375 1551 abeuntes
407 1513 664 1562 magistratus
703 1509 870 1559 appello.
934 1510 973 1546 et
1004 1520 1090 1546 ecce
1123 1507 1282 1557 quidam
1313 1508 1418 1545 intro
1451 1519 1535 1544 cur-

187 1585 277 1612 rens
318 1571 509 1610 famulus:
553 1568 683 1621 ‘rogat
723 1566 792 1617 te’,
834 1568 901 1617 ait,
944 1565 1028 1606 ‘tua
1069 1579 1210 1616 parens
1251 1567 1456 1615 Byrrhena
1497 1568 1536 1604 et

131 1646 167 1672 25
189 1632 378 1680 conuiuii,
424 1632 489 1668 cui
531 1633 569 1668 te
614 1642 699 1667 sero
741 1628 1021 1677 desponderas,
1063 1628 1143 1669 iam
1182 1626 1535 1676 adpropinquantis

283 1782 310 1816 F
340 1780 529 1816 135b1362.
557 1793 584 1824 φ
612 1778 708 1814 3381).
806 1785 824 1812 4
851 1779 888 1812 et
914 1776 1136 1825 <nostram>
1160 1777 1355 1811 Bluemner
1451 1781 1468 1809 5
1495 1786 1537 1809 ac

189 1864 256 1887 nec
285 1853 452 1887 Bursian
477 1852 522 1895 ef.
542 1854 630 1894 21,6
656 1852 764 1893 56,24
793 1852 876 1892 78,1
1003 1855 1021 1881 ⁹
1048 1832 1094 1883 (13
1120 1847 1208 1882 risui
1233 1832 1264 1892 (e
1289 1847 1373 1882 add.
1394 1846 1471 1882 ead.
1492 1858 1536 1881 m.

189 1928 221 1973 et
240 1925 280 1958 in
300 1935 367 1969 my.
383 1923 558 1966 adscrips.
575 1922 643 1956 deo
657 1920 763 1966 risui)
813 1934 857 1963 tp:
880 1903 1014 1955 dgrisui
1034 1903 1065 1964 (⁰
1086 1919 1191 1963 eras.)
1286 1924 1319 1951 11
1347 1918 1495 1952 auctore
1509 1916 1538 1951 &

189 1973 233 2016 (3¹6
253 1972 406 2016 induet.)
428 1972 433 2015 1
455 1972 535 2005 tore
555 1969 620 2003 sufi
639 1970 732 2014 (tore
751 1969 905 2012 induet.)
954 1981 997 2011 φε
1020 1968 1171 2001 auctore
1191 1965 1219 2000 81
1238 1966 1362 2000 tutore
1411 1965 1537 1999 aucto-

190 2030 267 2053 rem
301 2030 407 2053 suutn
434 2030 454 2053 v
505 2018 542 2051 et
574 2018 763 2051 auctorem
798 2027 903 2049 suum
937 2015 975 2048 E
1024 2015 1212 2048 auctorem
1245 2014 1282 2047 et
1314 2014 1475 2047 actorem
1508 2023 1535 2046 s.

199 2067 380 2111 Vollyraff
413 2067 456 2109 cf.
499 2065 569 2100 Cic.
605 2075 674 2108 pro
712 2064 798 2098 Sest.
837 2065 948 2105 28‚61
1097 2068 1134 2094 14
1172 2062 1211 2095 at
1248 2061 1305 2105 (φ)
1344 2071 1386 2094 ac
1424 2071 1444 2094 v

191 2120 227 2148 15
254 2128 297 2158 φε
326 2112 452 2147 scribit
525 2112 593 2158 15]ss
607 2122 628 2146 >oc
642 2123 701 2145 ere
721 2112 777 2156 (ni
794 2112 916 2154 fallor,
935 2110 1009 2153 fuit
1031 2110 1065 2154 a)
1085 2108 1210 2144 etz-cst&
1229 2109 1434 2153 (postquam
1452 2107 1537 2141 scri-

192 2162 269 2196 bere
305 2161 420 2205 coepit
456 2160 530 2203 stur,
574 2160 698 2194 librar.
745 2158 894 2193 induxit
932 2162 963 2192 et
999 2158 1129 2192 iterum
1171 2157 1311 2200 scrips.)
1372 2168 1415 2199 tp:
1456 2164 1539 2188 e*re

192 2210 296 2254 (eras.
318 2207 379 2253 a?)
404 2207 460 2241 st*
474 2207 532 2242 201&
557 2207 642 2251 (vid.
663 2207 776 2249 fuisse
802 2204 949 2250 stam)
998 2205 1114 2238 staret
1138 2204 1185 2238 vd
1200 2203 1249 2238 Vl
1344 2209 1382 2235 20
1407 2201 1538 2245 meisq3

192 2257 249 2301 (φ)
269 2265 400 2298 meque
428 2256 576 2290 Piccart
600 2264 658 2288 me
685 2253 803 2297 iisque
829 2253 961 2296 Sciopp
986 2251 1133 2295 meique
1160 2250 1321 2285 Beroazd
1346 2251 1405 2294 (cf.
1433 2251 1540 2291 199,8

194 2304 250 2338 sui
277 2302 445 2337 meliores
471 2305 600 2345 232&
627 2300 683 2335 sui
710 2300 931 2344 molliorem)
962 2298 1178 2341 meritisque
1204 2298 1249 2332 vd
1266 2298 1314 2332 Vl
1410 2302 1447 2329 24
1474 2306 1539 2340 pa·
1610 2329 1611 2334 ,

193 2350 278 2387 rens
298 2351 354 2396 (φ)
379 2350 450 2385 vid.
472 2361 530 2395 pr.
558 2361 602 2384 m.
629 2349 762 2384 emend.
790 2359 832 2383 ex
857 2347 990 2392 potens
1012 2358 1041 2382 v.
1067 2348 1181 2389 2632]
1256 2351 1293 2380 25
1319 2344 1364 2388 ef.
1388 2346 1492 2388 14‚10

1606 1922 1611 2047 l

1607 2049 1611 2132 ἒ

1609 2246 1611 2310 1
