1657 2526
267 84 441 119 APVLEI
469 81 938 118 METAMORPHOSEON
967 81 1052 115 1218.
1074 81 1152 125 VH,
1182 84 1317 115 11—13
1391 80 1473 121 163

53 159 121 183 Oud.
1496 154 1521 177 E

51 207 103 231 468
124 197 231 246 quid,
264 199 296 234 si
330 209 407 246 quo
440 196 556 234 modo
588 197 761 234 latrones
795 194 912 232 ceteri
946 193 1236 243 persenserint?
1281 205 1358 230 non
1390 206 1473 229 rur—

123 269 208 295 sum
240 269 414 294 recurres
448 256 498 293 ad
531 257 682 293 asinum
717 257 755 292 et
781 266 936 291 rursum
970 253 1132 291 exitium
1164 252 1262 289 mihi
1288 250 1475 301 parabis?

122 328 162 353 re
196 329 290 353 uera
323 315 426 353 ludis
459 316 505 352 de
539 315 667 352 alieno
701 311 833 352 corio.'

211 375 315 412 Dum
360 376 436 413 ista
481 374 727 423 sycophanta
771 386 844 422 ego
883 385 1035 410 mecum
1074 372 1247 409 maxima
1292 384 1381 408 cum
1418 371 1475 406 in-
1500 370 1546 405 12

123 435 352 485 dignatione
398 435 568 482 disputo,
614 433 661 471 de
704 432 835 470 uerbis
880 445 1013 469 eorum
1056 430 1290 479 quibusdam
1336 429 1476 477 dubiis,
1516 444 1530 468 5

123 494 189 532 sed
229 507 306 532 non
346 494 520 531 obscuris
565 493 749 541 prudenti
794 492 904 529 asino
943 503 1133 541 cognosco
1172 503 1250 527 non
1283 488 1477 526 Haemum

122 554 236 590 illum
286 553 523 602 praedonem
575 553 792 597 famosum,
853 551 918 588 sed
970 550 1241 599 Tlepolemum
1291 560 1477 597 sponsum

123 613 278 662 puellae
305 613 441 662 ipsius.
500 625 589 649 nam
616 611 850 660 procedente
882 623 1059 648 sermone
1086 610 1208 659 paulo
1237 610 1317 646 iam
1345 604 1478 657 c<l>a-

123 674 203 710 rius
237 674 463 721 contempta
494 684 581 709 mea
614 672 839 720 praesentia
872 671 987 718 quasi
1024 682 1116 707 uere
1149 669 1314 706 mortui:
1361 665 1478 704 ‘bono

124 734 255 770 animo
300 729 368 779 es’,
412 732 556 780 inquit,
603 728 778 768 ‘Charite
823 729 1067 775 dulcissima3
1113 741 1205 765 nam
1243 729 1349 765 totos
1381 728 1477 764 istos
1501 742 1534 766 10

124 792 254 830 hostes
291 794 379 829 tuos
419 793 555 828 statim
594 791 775 838 captiuos
817 785 994 827 habebis’
1028 791 1066 826 et
1098 784 1347 837 instanti<a>
1380 786 1478 823 uali-

53 860 105 884 41551
125 852 233 890 diore
259 852 396 888 uinum
424 852 504 887 iam
537 850 759 897 inmixtum,
792 849 858 887 sed
885 848 1038 886 modico
1064 847 1306 896 tepefactum
1332 858 1480 894 uapore

125 912 268 949 sauciis
301 911 381 948 illis
414 912 453 947 et
485 910 659 958 crapula
691 909 988 956 uinolentiaque
1030 907 1199 944 madidis
1232 908 1318 957 ipse
1353 906 1480 943 abste-

124 972 228 1008 mius
261 983 339 1007 non
372 971 499 1007 cessat
529 969 746 1018 inpingere.
804 970 843 1005 et
875 967 1051 1005 hercules
1086 966 1348 1015 suspicionem
1384 965 1482 1002 mihi

124 1030 230 1076 fecit,
272 1031 387 1078 quasi
425 1030 684 1077 soporiferum
719 1027 917 1076 quoddam
950 1040 1144 1064 uenenum
1177 1026 1377 1063 cantharis
1409 1026 1479 1061 im·
1502 1038 1534 1064 15

125 1089 306 1127 misceret
343 1089 435 1125 illis.
505 1090 637 1126 cuncti
675 1087 854 1135 denique,
900 1087 966 1124 sed
1006 1098 1166 1135 prorsus
1212 1097 1345 1123 omnes
1386 1086 1480 1121 uino

125 1149 272 1198 sepulti
333 1149 527 1195 iacebant,
572 1160 706 1186 omnes
738 1149 884 1196 pariter
925 1147 1082 1183 mortui.
1145 1147 1241 1183 tunc
1274 1144 1383 1181 nullo
1416 1157 1480 1181 ne-

125 1210 235 1259 gotio
269 1208 476 1246 artissimis
503 1207 672 1245 uinculis
698 1206 901 1255 impeditis
935 1218 979 1243 ac
1005 1217 1075 1254 pro
1103 1205 1267 1242 arbitrio
1295 1217 1364 1241 suo
1391 1216 1479 1241 con-

126 1269 274 1306 strictis
308 1268 400 1315 illis,
444 1268 633 1316 imposita
672 1267 786 1304 dorso
826 1278 912 1303 meo
944 1265 1090 1314 puella,
1135 1265 1273 1314 dirigit
1305 1276 1480 1314 gressum

126 1328 175 1365 ad
206 1340 318 1365 suam
349 1327 532 1376 patriam.
1502 1337 1535 1362 20

217 1388 342 1432 Quam
375 1387 494 1424 simul
528 1387 774 1433 accessimus,
806 1387 892 1423 tota
926 1385 1067 1421 ciuitas
1101 1384 1151 1421 ad
1181 1383 1364 1421 uotiuum
1391 1395 1480 1420 con·
1505 1383 1552 1417 13

127 1449 303 1496 spectum
337 1446 562 1484 effunditur.
624 1446 861 1494 procurrunt
893 1447 1088 1493 parentes,
1121 1443 1272 1491 affines,
1308 1442 1483 1490 clientes,

127 1507 288 1553 alumni,
333 1506 473 1543 famuli
517 1506 612 1543 laeti
657 1505 811 1551 faciem,
858 1503 1004 1553 gaudio
1047 1503 1225 1540 delibuti.
1295 1514 1483 1551 pompam

55 1574 108 1598 470
129 1578 303 1604 cerneres
337 1565 463 1603 omnis
496 1577 609 1603 sexus
643 1567 681 1601 et
713 1565 839 1602 omnis
880 1565 1023 1600 aetatis
1056 1574 1281 1610 nouumque
1321 1564 1360 1598 et
1397 1561 1481 1598 her-

127 1626 231 1664 cules
264 1625 561 1662 memorandum
595 1626 832 1673 spectamen,
865 1624 1061 1672 uirginem
1095 1624 1204 1659 asino
1234 1621 1482 1670 triumphan-
1503 1634 1536 1659 25

127 1687 217 1723 tem.
293 1685 460 1732 denique
502 1685 585 1732 ipse
632 1684 751 1721 etiam
796 1683 962 1720 hilarior
1002 1695 1073 1731 pro
1118 1681 1228 1718 uirili
1265 1682 1391 1729 parte,
1435 1693 1482 1716 ne

126 1746 327 1794 praesenti
359 1744 517 1794 negotio
544 1746 588 1780 ut
616 1743 766 1781 alienus
794 1743 1069 1791 discreparem,
1100 1742 1292 1790 porrectis
1323 1739 1482 1778 auribus
1506 1749 1554 1773 125

223 1858 250 1892 F
274 1858 391 1891 156⁸b.
420 1871 447 1901 φ
469 1860 541 1891 50⁸.
668 1862 681 1890 1
711 1856 817 1901 quid]
845 1855 945 1900 quod
973 1856 1098 1890 Petseh
1149 1854 1247 1898 quod
1276 1854 1306 1887 si
1337 1865 1484 1897 quoquo

128 1906 281 1941 Steurech
424 1905 514 1950 non]
541 1917 629 1939 num
656 1905 760 1939 vdVl
906 1907 925 1937 6
954 1903 1090 1949 (esse)
1118 1903 1247 1936 Haem.
1274 1902 1378 1936 «ΜΠ

129 1958 149 1988 8
177 1952 298 1988 carius
320 1955 374 1998 (φ)
402 1965 463 1987 em.
491 1954 652 1987 Beroalrl
702 1951 858 1986 hilarius
885 1952 1034 1987 Steti-ech
1160 1954 1178 1983 9
1207 1951 1334 1994 ὄίῑόρήεῐ
1361 1960 1404 1984 ea
1432 1951 1484 1994 (φ,

127 2002 188 2036 secl
215 2002 272 2045 ea)
393 1999 582 2047 quesiuere
633 2014 676 2044 φε
704 1999 821 2043 qfiere
848 2010 910 2033 em.
941 2000 1081 2033 Illereel·
1211 1997 1363 2043 mortui]
1384 1996 1486 2030 bruti

130 2050 297 2084 Bursian
349 2048 450 2081 surdi
476 2049 674 2083 Blue'mner
723 2047 815 2081 mori
844 2047 1017 2091 Plasbery
1055 2046 1133 2081 coll.
1166 2046 1204 2079 X
1229 2048 1274 2079 13
1288 2057 1340 2080 ear.

132 2101 172 2130 11
195 2095 348 2130 instanti
370 2097 424 2139 (φ)
451 2107 514 2130 em.
537 2108 554 2130 v
666 2098 707 2128 13
734 2094 988 2137 uinulentiaq3
1114 2097 1156 2127 16
1183 2104 1332 2137 prorsus
1359 2103 1485 2126 somno

130 2144 292 2188 uinoque
320 2144 457 2188 Sopiny
556 2147 596 2176 17
626 2143 666 2176 os
687 2144 788 2187 parti
816 2142 953 2176 mortui
1004 2155 1047 2185 cp:
1076 2141 1154 2175 offis
1176 2141 1300 2185 parati
1327 2139 1438 2174 morti

131 2192 302 2236 adscript.
324 2192 372 2225 ad
400 2190 486 2224 uino
508 2201 581 2234 sep.
604 2203 647 2225 (ἐπ,
666 2203 733 2235 my.
755 2191 940 2234 irrepsisse
961 2193 1072 2233 putat
1092 2188 1223 2223 Novcik
1248 2189 1293 2230 cf.
1312 2190 1422 2229 254,3
1435 2198 1484 2230 sq.

131 2239 179 2273 ad
216 2249 381 2293 somnos,
420 2238 558 2282 partim
595 2238 731 2272 mortui
772 2238 897 2272 Rohde
935 2238 979 2279 cf.
1010 2239 1117 2278 186,4
1176 2236 1316 2280 passim
1350 2235 1487 2269 Wower

130 2298 231 2343 parit
258 2299 316 2333 He
343 2298 388 2340 cf.
410 2301 493 2340 46,4
519 2300 600 2339 50‚1
753 2301 796 2330 25
826 2297 986 2341 spectaui
1015 2305 1069 2340 (qu)
1096 2297 1173 2329 tam
1203 2297 1241 2329 in
1267 2306 1338 2329 ras.
1367 2295 1413 2328 al.
1443 2306 1484 2327 m.

130 2358 195 2381 scr.
223 2346 267 2388 ef.
285 2348 394 2388 &224
422 2344 591 2389 specffia'm
617 2344 635 2378 ?
651 2346 709 2379 He
734 2346 779 2387 cf.
802 2347 907 2386 6224

1204 2402 1272 2435 11*
