1657 2526
195 111 277 151 166
352 109 528 144 APVLEI
552 108 1019 144 METAMORPHOSEON
1046 109 1131 144 LIB.
1153 109 1231 153 VII,
1260 114 1312 144 15.
1342 114 1384 144 16

121 184 326 260 oua-chium
362 222 521 260 adtente
563 222 633 260 sub
676 222 761 271 ipsa
802 234 966 271 uespera
1008 223 1177 260 furfures
1218 222 1442 271 apponebat
1481 223 1538 260 in-

191 283 316 319 cretos
349 294 393 318 ac
426 281 603 319 sordidos
636 282 842 330 multoque
874 281 1005 330 lapide
1038 281 1265 320 salebrosos.

120 340 168 375 16
279 341 441 378 Talibus
483 341 682 378 aerumnis
721 340 935 378 edomitum
976 342 1090 378 nouis
1122 341 1282 379 fortuna
1313 353 1430 378 saeua
1461 342 1540 378 tra-

189 400 291 438 didit
329 399 579 447 cruciatibus,
624 400 774 438 scilicet
815 401 872 447 ut,
917 400 1021 448 quod
1062 401 1185 447 aiunt,
1230 400 1336 437 domi
1366 401 1540 449 forisque

154 473 169 497 5
191 459 359 497 fortibus
392 460 508 497 factis
542 459 699 497 adoriae
732 459 872 508 plenae
905 460 1107 509 gloriarer.
1168 459 1320 508 equinis
1353 460 1540 497 armentis

190 532 358 567 namque
390 532 452 556 me
485 531 718 568 congregem
756 520 893 567 pastor
934 520 1112 569 egregius
1145 519 1324 556 mandati
1356 519 1542 557 dominici

118 585 171 610 476
191 574 354 629 ser[i]us
397 578 641 615 auscultator
682 577 896 626 aliquando
937 579 1126 627 permisit.
1201 579 1242 615 at
1280 590 1349 628 ego
1381 578 1541 615 tandem

190 637 290 675 liber
322 638 454 675 asinus
495 638 622 674 laetus
657 639 694 674 et
731 637 953 686 tripudians
992 637 1194 687 graduque
1226 638 1339 675 molli
1370 638 1540 687 gestiens

194 709 313 746 equas
347 696 701 746 opportunissimas
742 698 821 733 iam
862 697 962 734 mihi
993 697 1228 734 concubinas
1260 698 1414 734 futuras
1446 697 1541 734 deli-

138 769 171 794 10
192 756 343 806 gebam.
413 756 479 794 sed
517 756 613 793 haec
652 757 771 794 etiam
811 768 897 804 spes
928 756 1094 793 hilarior
1125 756 1166 793 in
1199 753 1422 806 capital<e>
1452 769 1540 805 pro-

190 815 306 853 cessit
351 817 525 853 exitium.
600 828 727 853 mares
776 816 879 852 enim
924 815 972 853 ob
1019 811 1315 866 [admissuram]
1359 828 1540 853 uenerem

118 882 170 907 477
189 876 294 924 pasti
326 875 520 912 satianter
551 888 596 912 ac
628 875 695 912 diu
728 874 917 925 saginati⁷
958 875 1153 912 terribiles
1196 871 1331 926 [alios]
1365 875 1541 923 alioquin

192 936 231 972 et
262 934 399 983 utique
428 935 567 983 quouis
596 936 704 972 asino
732 935 925 982 fortiores,
958 934 1004 971 de
1030 947 1091 971 me
1120 929 1124 986 Ι
1153 936 1370 972 metuentes
1404 934 1478 971 sibi
1504 937 1542 971 et

192 993 386 1031 adulterio
429 994 614 1044 degeneri
653 995 933 1043 praecauentes
974 1006 1044 1032 nec
1084 994 1292 1043 hospitalis
1324 994 1432 1031 Iouis
1465 1006 1540 1031 ser-

138 1065 171 1091 15
192 1054 286 1091 uato
322 1053 475 1090 foedere
508 1054 672 1091 riualem
701 1066 852 1091 summo
884 1053 1058 1090 furentes
1088 1055 1342 1102 persecuntur
1374 1049 1540 1104 [h]odio.

189 1113 252 1150 hic
297 1113 411 1151 elatis
456 1115 498 1150 in
543 1113 666 1151 altum
711 1112 836 1150 uastis
878 1112 1102 1161 pectoribus
1147 1113 1292 1150 arduus
1336 1114 1464 1161 capite
1503 1113 1542 1149 et

191 1172 370 1210 sublimis
402 1173 551 1210 uertice
583 1172 820 1221 primoribus
853 1174 894 1209 in
926 1185 987 1209 me
1018 1173 1240 1221 pugillatur
1270 1172 1442 1221 ungulis,
1473 1172 1541 1209 ille

190 1232 304 1282 terga
335 1232 513 1281 pulposis
547 1232 680 1269 torulis
715 1231 830 1270 obesa
857 1234 1087 1269 conuertens
1112 1233 1320 1281 postremis
1352 1231 1542 1269 uelitatur

120 1298 172 1323 478
192 1291 376 1339 calcibus,
410 1291 511 1329 alius
542 1291 700 1329 hinnitu
732 1291 906 1342 maligno
934 1292 1193 1329 comminatus
1225 1290 1404 1329 remulsis
1438 1291 1540 1328 auri-

137 1363 170 1388 20
189 1350 260 1388 bus
306 1350 561 1399 dentiumque
606 1350 858 1388 candentium
902 1350 1105 1388 renudatis
1150 1351 1270 1388 asceis
1310 1351 1439 1388 totum
1479 1363 1540 1387 me

190 1409 474 1448 commorsicat.
548 1411 602 1448 sic
643 1410 749 1459 apud
780 1410 986 1448 historiam
1029 1410 1075 1447 de
1116 1422 1206 1460 rege
1240 1408 1406 1447 Thracio
1438 1409 1540 1460 lege-

189 1482 285 1517 ram,
331 1471 399 1518 qui
436 1470 599 1507 miseros
640 1470 815 1518 hospites
857 1470 993 1507 ferinis
1039 1470 1149 1518 equis
1191 1471 1270 1507 suis
1311 1469 1540 1507 lacerandos

190 1528 515 1578 deuorandosque
553 1529 798 1580 porrigebam
844 1529 940 1567 adeo
978 1529 1046 1566 ille
1078 1530 1313 1578 praepotens
1346 1530 1540 1577 tyrannus

285 1666 311 1699 F
335 1669 428 1700 157⁸.
468 1680 495 1710 φ
516 1666 589 1700 50¹³.
761 1671 780 1700 2
819 1666 966 1710 lapides
1001 1665 1184 1700 alebrol'ol'
1217 1677 1306 1700 eras*
1346 1666 1363 1698 l'
1390 1677 1452 1700 em.
1493 1666 1538 1700 al.

188 1725 232 1748 m.
401 1717 420 1747 5
456 1713 588 1758 plenus
624 1714 787 1755 Groslot;
824 1718 933 1759 yewet.
962 1714 1012 1747 ad
1043 1713 1190 1758 gloriar.
1218 1714 1325 1755 refert
1355 1713 1453 1756 ΟΜΖ,
1492 1713 1541 1748 ad

189 1761 298 1795 factis
326 1761 421 1796 Hild
565 1761 766 1806 gloriarere
787 1773 835 1806 qn
855 1761 889 1794 is
910 1763 963 1805 (q),
981 1762 1042 1795 sed
1062 1762 1108 1795 al.
1130 1772 1174 1795 m.
1196 1765 1285 1795 recte
1305 1761 1468 1804 dismas.)

190 1836 209 1866 6
248 1843 364 1876 nanq3
536 1836 553 1865 7
582 1832 697 1866 serius
725 1834 783 1877 (φ,
823 1833 885 1867 scd
916 1834 956 1866 in
990 1844 1056 1877 my.
1085 1833 1130 1866 al.
1159 1844 1202 1865 m.
1231 1817 1249 1866 ἕ
1282 1831 1396 1876 serus)

190 1882 233 1913 10
261 1879 400 1924 capital
426 1881 473 1914 al.
502 1892 544 1913 m.
571 1881 655 1914 add.
685 1891 703 1913 e
756 1894 799 1924 qo:
827 1879 972 1924 capital
1101 1884 1139 1913 11
1169 1881 1295 1914 uetere
1323 1881 1376 1924 (φ)
1406 1881 1444 1914 in
1470 1891 1537 1924 my.

190 1926 223 1960 -l-
251 1927 300 1962 ad
331 1939 361 1962 v.
395 1939 487 1971 serm.
522 1928 637 1962 addit.
664 1929 746 1970 fort.
780 1929 848 1962 Imc
874 1928 1032 1972 pertinet
1080 1937 1253 1961 uenerem
1283 1940 1320 1969 v,
1358 1932 1398 1962 ut
1430 1929 1538 1961 inter-

185 1979 395 2018 pretament.
424 1975 489 2009 del.
520 1976 623 2012 Prie,
656 1976 795 2018 defend.
824 1975 934 2009 deleto
967 1975 1115 2009 admiss.
1143 1979 1209 2009 aut
1239 1976 1372 2018 scripto
1402 1974 1540 2008 admis-

189 2021 325 2056 sariam
354 2023 436 2057 Oud
473 2023 681 2057 ueterinam
709 2024 841 2066 Haupt
878 2033 1075 2056 ueneream
1098 2023 1235 2057 Wower
1268 2023 1420 2057 uberem
1449 2023 1540 2066 Lips

191 2105 288 2150 (in)
316 2116 489 2139 uenerem
514 2106 643 2140 Petseh
669 2106 713 2148 cf.
736 2109 843 2143 9519
955 2110 996 2139 12
1024 2105 1118 2139 alios
1141 2079 1242 2149 alitffl
1270 2108 1298 2139 ὣ
1326 2107 1378 2149 (φ,
1405 2107 1445 2139 in
1469 2116 1537 2150 my.

190 2164 219 2186 c.
247 2152 353 2197 alias)
404 2152 497 2186 alios
525 2153 590 2187 del.
617 2165 637 2188 υ
663 2155 707 2196 cf.
726 2156 808 2195 7‚12
828 2156 934 2207 Si‚15
1100 2156 1143 2187 15
1169 2153 1281 2187 hodio
1308 2164 1367 2187 em.
1399 2167 1425 2196 φ

192 2226 233 2257 18
262 2223 399 2258 corulis
420 2225 475 2268 (φ)
502 2235 564 2258 em.
591 2236 611 2259 υ
747 2200 887 2259 ΠθΙὶὺῗιῗ
908 2225 963 2268 (φ)
991 2224 1056 2258 litt.
1083 2224 1149 2266 ref.
1177 2235 1266 2259 corr.
1293 2224 1333 2258 in
1358 2223 1422 2257 uol

192 2273 233 2304 19
260 2271 424 2305 remissis
450 2271 501 2306 ed.
531 2272 633 2306 Rom.
739 2274 782 2305 20
811 2271 921 2308 asteif
944 2272 997 2316 (φ)
1025 2272 1132 2314 reflat.
1161 2273 1226 2307 litt.
1254 2275 1338 2306 mut.
1367 2272 1407 2305 in
1432 2269 1544 2305 costis

190 2319 381 2362 em1.Lue†4j
413 2318 530 2353 hastis
549 2331 570 2354 v
597 2319 694 2353 saxis
718 2319 800 2354 Oud
921 2322 963 2352 22
986 2318 1100 2354 feris?
1127 2321 1184 2354 Hc
1210 2319 1271 2355 sed
1296 2318 1340 2363 ef.
1361 2321 1449 2363 28,9

191 2369 234 2401 23
260 2366 469 2413 proiciebat
494 2367 599 2403 vde
718 2369 941 2415 praepotens
969 2365 1031 2402 ille
1057 2378 1077 2402 v

1560 185 1586 209 E

1563 1064 1612 1090 127
