<?xml version="1.0" encoding="UTF-8"?>
<!DOCTYPE html PUBLIC "-//W3C//DTD XHTML 1.0 Transitional//EN"
    "http://www.w3.org/TR/xhtml1/DTD/xhtml1-transitional.dtd">
<html xmlns="http://www.w3.org/1999/xhtml" xml:lang="en" lang="en">
 <head>
  <title>
</title>
<meta http-equiv="Content-Type" content="text/html;charset=utf-8" />
  <meta name='ocr-system' content='tesseract 3.04.00' />
  <meta name='ocr-capabilities' content='ocr_page ocr_carea ocr_par ocr_line ocrx_word'/>
</head>
<body>
  <div class='ocr_page' id='page_1' title='image "./operaquaesupersu01apuluoft/operaquaesupersu01apuluoft_0071.png"; bbox 0 0 1611 2516; ppageno 0'>
   <div class='ocr_carea' id='block_1_1' title="bbox 208 61 1391 106">
    <p class='ocr_par' dir='ltr' id='par_1_1' title="bbox 208 61 1391 106">
     <span class='ocr_line' id='line_1_1' title="bbox 208 61 1391 106; baseline -0.005 -5"><span class='ocrx_word' id='word_1_1' title='bbox 208 65 384 101; x_wconf 89' lang='lat' dir='ltr'><strong>APVLEI</strong></span> <span class='ocrx_word' id='word_1_2' title='bbox 409 62 877 100; x_wconf 83' lang='lat' dir='ltr'>METAMORPHOSEON</span> <span class='ocrx_word' id='word_1_3' title='bbox 903 61 990 98; x_wconf 90' lang='lat' dir='ltr'><strong>LIB.</strong></span> <span class='ocrx_word' id='word_1_4' title='bbox 1011 61 1072 106; x_wconf 78' lang='lat'>111,</span> <span class='ocrx_word' id='word_1_5' title='bbox 1101 65 1154 98; x_wconf 80' lang='lat'>12.</span> <span class='ocrx_word' id='word_1_6' title='bbox 1183 65 1225 97; x_wconf 84' lang='lat'>13</span> <span class='ocrx_word' id='word_1_7' title='bbox 1338 62 1391 104; x_wconf 83' lang='lat'>61</span> 
     </span>
    </p>
   </div>
   <div class='ocr_carea' id='block_1_2' title="bbox 19 135 1425 228">
    <p class='ocr_par' dir='ltr' id='par_1_2' title="bbox 19 135 1425 228">
     <span class='ocr_line' id='line_1_2' title="bbox 19 135 1425 171; baseline -0.008 0"><span class='ocrx_word' id='word_1_8' title='bbox 19 146 46 171; x_wconf 77' lang='lat' dir='ltr'>a.</span> <span class='ocrx_word' id='word_1_9' title='bbox 1399 135 1425 160; x_wconf 70' lang='grc' dir='ltr'><em>Ε</em></span> 
     </span>
     <span class='ocr_line' id='line_1_3' title="bbox 48 174 1395 228; baseline -0.004 -11"><span class='ocrx_word' id='word_1_10' title='bbox 48 176 258 218; x_wconf 63' lang='lat' dir='ltr'>admonet?</span> <span class='ocrx_word' id='word_1_11' title='bbox 322 179 372 216; x_wconf 90' lang='lat' dir='ltr'>ad</span> <span class='ocrx_word' id='word_1_12' title='bbox 403 178 500 216; x_wconf 89' lang='lat' dir='ltr'>haec</span> <span class='ocrx_word' id='word_1_13' title='bbox 529 189 600 228; x_wconf 87' lang='lat' dir='ltr'>ego</span> <span class='ocrx_word' id='word_1_14' title='bbox 627 176 844 216; x_wconf 86' lang='lat' dir='ltr'>formidans</span> <span class='ocrx_word' id='word_1_15' title='bbox 870 178 910 214; x_wconf 88' lang='lat' dir='ltr'>et</span> <span class='ocrx_word' id='word_1_16' title='bbox 934 176 1073 226; x_wconf 88' lang='lat' dir='ltr'>procul</span> <span class='ocrx_word' id='word_1_17' title='bbox 1098 174 1395 224; x_wconf 85' lang='lat' dir='ltr'>perhorrescens</span> 
     </span>
    </p>
   </div>
   <div class='ocr_carea' id='block_1_3' title="bbox 11 231 1472 1720">
    <p class='ocr_par' dir='ltr' id='par_1_3' title="bbox 46 231 1449 462">
     <span class='ocr_line' id='line_1_4' title="bbox 48 231 1395 288; baseline -0.005 -11"><span class='ocrx_word' id='word_1_18' title='bbox 48 240 167 278; x_wconf 89' lang='lat' dir='ltr'>etiam</span> <span class='ocrx_word' id='word_1_19' title='bbox 192 238 321 288; x_wconf 85' lang='lat' dir='ltr'><strong>ipsam</strong></span> <span class='ocrx_word' id='word_1_20' title='bbox 347 237 508 276; x_wconf 89' lang='lat' dir='ltr'>domum</span> <span class='ocrx_word' id='word_1_21' title='bbox 534 237 632 275; x_wconf 88' lang='lat' dir='ltr'>eius:</span> <span class='ocrx_word' id='word_1_22' title='bbox 666 232 800 286; x_wconf 75' lang='lat' dir='ltr'>‘quam</span> <span class='ocrx_word' id='word_1_23' title='bbox 827 231 1000 283; x_wconf 85' lang='lat' dir='ltr'>uellem&#39;,</span> <span class='ocrx_word' id='word_1_24' title='bbox 1025 235 1199 283; x_wconf 84' lang='lat' dir='ltr'>inquam,</span> <span class='ocrx_word' id='word_1_25' title='bbox 1228 231 1395 282; x_wconf 55' lang='lat' dir='ltr'>‘parona</span> 
     </span>
     <span class='ocr_line' id='line_1_5' title="bbox 46 292 1397 350; baseline -0.005 -14"><span class='ocrx_word' id='word_1_26' title='bbox 46 299 162 337; x_wconf 88' lang='lat' dir='ltr'>iussis</span> <span class='ocrx_word' id='word_1_27' title='bbox 194 299 290 336; x_wconf 83' lang='lat' dir='ltr'>tuis-</span> <span class='ocrx_word' id='word_1_28' title='bbox 309 292 552 350; x_wconf 42' lang='lat' dir='ltr'>obsefflquium</span> <span class='ocrx_word' id='word_1_29' title='bbox 584 295 843 343; x_wconf 83' lang='lat' dir='ltr'>commodare,</span> <span class='ocrx_word' id='word_1_30' title='bbox 875 296 909 333; x_wconf 88' lang='lat' dir='ltr'>si</span> <span class='ocrx_word' id='word_1_31' title='bbox 940 307 1010 344; x_wconf 88' lang='lat' dir='ltr'>per</span> <span class='ocrx_word' id='word_1_32' title='bbox 1039 294 1156 332; x_wconf 84' lang='lat' dir='ltr'>fidem</span> <span class='ocrx_word' id='word_1_33' title='bbox 1188 293 1325 330; x_wconf 83' lang='lat' dir='ltr'>liceret</span> <span class='ocrx_word' id='word_1_34' title='bbox 1355 292 1397 330; x_wconf 90' lang='lat' dir='ltr'>id</span> 
     </span>
     <span class='ocr_line' id='line_1_6' title="bbox 46 351 1397 407; baseline -0.005 -11"><span class='ocrx_word' id='word_1_35' title='bbox 46 359 184 397; x_wconf 82' lang='lat' dir='ltr'>facere.</span> <span class='ocrx_word' id='word_1_36' title='bbox 247 357 388 407; x_wconf 84' lang='lat' dir='ltr'>hospes</span> <span class='ocrx_word' id='word_1_37' title='bbox 426 357 530 395; x_wconf 92' lang='lat' dir='ltr'>enim</span> <span class='ocrx_word' id='word_1_38' title='bbox 567 367 678 394; x_wconf 87' lang='lat' dir='ltr'>meus</span> <span class='ocrx_word' id='word_1_39' title='bbox 709 355 833 393; x_wconf 89' lang='lat' dir='ltr'>Milon</span> <span class='ocrx_word' id='word_1_40' title='bbox 864 367 935 405; x_wconf 90' lang='lat' dir='ltr'>per</span> <span class='ocrx_word' id='word_1_41' title='bbox 964 352 1145 393; x_wconf 86' lang='lat' dir='ltr'>hodierni</span> <span class='ocrx_word' id='word_1_42' title='bbox 1176 351 1255 391; x_wconf 90' lang='lat' dir='ltr'>diei</span> <span class='ocrx_word' id='word_1_43' title='bbox 1285 364 1397 401; x_wconf 89' lang='lat' dir='ltr'>prae-</span> 
     </span>
     <span class='ocr_line' id='line_1_7' title="bbox 47 412 1449 462; baseline -0.007 -5"><span class='ocrx_word' id='word_1_44' title='bbox 47 417 313 457; x_wconf 90' lang='lat' dir='ltr'>sentissimum</span> <span class='ocrx_word' id='word_1_45' title='bbox 355 429 500 455; x_wconf 88' lang='lat' dir='ltr'>numen</span> <span class='ocrx_word' id='word_1_46' title='bbox 546 415 731 454; x_wconf 87' lang='lat' dir='ltr'>adiurans</span> <span class='ocrx_word' id='word_1_47' title='bbox 775 415 921 462; x_wconf 86' lang='lat' dir='ltr'>effecit,</span> <span class='ocrx_word' id='word_1_48' title='bbox 969 416 1016 451; x_wconf 86' lang='lat' dir='ltr'>ut</span> <span class='ocrx_word' id='word_1_49' title='bbox 1060 413 1142 451; x_wconf 88' lang='lat' dir='ltr'>eius</span> <span class='ocrx_word' id='word_1_50' title='bbox 1186 412 1397 450; x_wconf 85' lang='lat' dir='ltr'>hodiernae</span> <span class='ocrx_word' id='word_1_51' title='bbox 1435 420 1449 445; x_wconf 86' lang='lat'>5</span> 
     </span>
    </p>

    <p class='ocr_par' dir='ltr' id='par_1_4' title="bbox 11 472 1397 587">
     <span class='ocr_line' id='line_1_8' title="bbox 11 472 1397 528; baseline -0.005 -13"><span class='ocrx_word' id='word_1_52' title='bbox 11 495 28 520; x_wconf 85' lang='lat'><em>5</em></span> <span class='ocrx_word' id='word_1_53' title='bbox 47 490 164 516; x_wconf 88' lang='lat' dir='ltr'>cenae</span> <span class='ocrx_word' id='word_1_54' title='bbox 195 476 436 528; x_wconf 85' lang='lat' dir='ltr'>pignerarer,</span> <span class='ocrx_word' id='word_1_55' title='bbox 468 487 538 514; x_wconf 91' lang='lat' dir='ltr'>nec</span> <span class='ocrx_word' id='word_1_56' title='bbox 569 477 653 525; x_wconf 89' lang='lat' dir='ltr'>ipse</span> <span class='ocrx_word' id='word_1_57' title='bbox 679 475 848 513; x_wconf 72' lang='lat' dir='ltr'>discedit</span> <span class='ocrx_word' id='word_1_58' title='bbox 871 486 942 512; x_wconf 89' lang='lat' dir='ltr'>nec</span> <span class='ocrx_word' id='word_1_59' title='bbox 968 486 1030 511; x_wconf 89' lang='lat' dir='ltr'>me</span> <span class='ocrx_word' id='word_1_60' title='bbox 1056 472 1209 522; x_wconf 83' lang='lat' dir='ltr'>digredi</span> <span class='ocrx_word' id='word_1_61' title='bbox 1234 472 1397 521; x_wconf 85' lang='lat' dir='ltr'>patitur.</span> 
     </span>
     <span class='ocr_line' id='line_1_9' title="bbox 46 530 993 587; baseline -0.004 -12"><span class='ocrx_word' id='word_1_62' title='bbox 46 537 211 587; x_wconf 88' lang='lat' dir='ltr'>prohinc</span> <span class='ocrx_word' id='word_1_63' title='bbox 243 536 403 586; x_wconf 81' lang='lat' dir='ltr'>epulare</span> <span class='ocrx_word' id='word_1_64' title='bbox 434 535 708 573; x_wconf 91' lang='lat' dir='ltr'>uadimonium</span> <span class='ocrx_word' id='word_1_65' title='bbox 740 530 993 572; x_wconf 86' lang='lat' dir='ltr'>differamus.&#39;</span> 
     </span>
    </p>

    <p class='ocr_par' dir='ltr' id='par_1_5' title="bbox 46 590 1454 1064">
     <span class='ocr_line' id='line_1_10' title="bbox 136 590 1398 644; baseline -0.006 -10"><span class='ocrx_word' id='word_1_66' title='bbox 136 596 244 634; x_wconf 87' lang='lat' dir='ltr'>Haec</span> <span class='ocrx_word' id='word_1_67' title='bbox 277 596 403 634; x_wconf 87' lang='lat' dir='ltr'>adhuc</span> <span class='ocrx_word' id='word_1_68' title='bbox 434 608 496 633; x_wconf 89' lang='lat' dir='ltr'>me</span> <span class='ocrx_word' id='word_1_69' title='bbox 526 594 712 644; x_wconf 74' lang='lat' dir='ltr'>loquente</span> <span class='ocrx_word' id='word_1_70' title='bbox 750 606 869 632; x_wconf 91' lang='lat' dir='ltr'>manu</span> <span class='ocrx_word' id='word_1_71' title='bbox 900 593 1067 631; x_wconf 85' lang='lat' dir='ltr'>firmiter</span> <span class='ocrx_word' id='word_1_72' title='bbox 1096 592 1243 630; x_wconf 88' lang='lat' dir='ltr'>iniecta</span> <span class='ocrx_word' id='word_1_73' title='bbox 1274 590 1398 628; x_wconf 83' lang='lat' dir='ltr'>Milon</span> 
     </span>
     <span class='ocr_line' id='line_1_11' title="bbox 46 650 1398 705; baseline -0.007 -10"><span class='ocrx_word' id='word_1_74' title='bbox 46 657 163 695; x_wconf 89' lang='lat' dir='ltr'>iussis</span> <span class='ocrx_word' id='word_1_75' title='bbox 188 655 442 694; x_wconf 83' lang='lat' dir='ltr'>balnearibus</span> <span class='ocrx_word' id='word_1_76' title='bbox 468 655 634 705; x_wconf 84' lang='lat' dir='ltr'>adsequi</span> <span class='ocrx_word' id='word_1_77' title='bbox 658 654 844 704; x_wconf 73' lang='lat' dir='ltr'>producit</span> <span class='ocrx_word' id='word_1_78' title='bbox 869 652 920 691; x_wconf 88' lang='lat' dir='ltr'>ad</span> <span class='ocrx_word' id='word_1_79' title='bbox 939 653 1143 690; x_wconf 85' lang='lat' dir='ltr'>lauacrum</span> <span class='ocrx_word' id='word_1_80' title='bbox 1164 650 1398 701; x_wconf 86' lang='lat' dir='ltr'>proximum.</span> 
     </span>
     <span class='ocr_line' id='line_1_12' title="bbox 49 711 1452 766; baseline -0.006 -11"><span class='ocrx_word' id='word_1_81' title='bbox 49 719 89 755; x_wconf 88' lang='lat' dir='ltr'>at</span> <span class='ocrx_word' id='word_1_82' title='bbox 120 728 192 766; x_wconf 89' lang='lat' dir='ltr'>ego</span> <span class='ocrx_word' id='word_1_83' title='bbox 224 715 356 754; x_wconf 86' lang='lat' dir='ltr'>uitans</span> <span class='ocrx_word' id='word_1_84' title='bbox 389 714 520 753; x_wconf 81' lang='lat' dir='ltr'>oculos</span> <span class='ocrx_word' id='word_1_85' title='bbox 553 715 729 753; x_wconf 89' lang='lat' dir='ltr'>omnium</span> <span class='ocrx_word' id='word_1_86' title='bbox 762 715 812 761; x_wconf 88' lang='lat' dir='ltr'>et,</span> <span class='ocrx_word' id='word_1_87' title='bbox 844 725 960 762; x_wconf 90' lang='lat' dir='ltr'>quem</span> <span class='ocrx_word' id='word_1_88' title='bbox 986 712 1070 762; x_wconf 91' lang='lat' dir='ltr'>ipse</span> <span class='ocrx_word' id='word_1_89' title='bbox 1096 711 1396 758; x_wconf 82' lang='lat' dir='ltr'>fabricaueram,</span> <span class='ocrx_word' id='word_1_90' title='bbox 1419 722 1452 747; x_wconf 86' lang='lat'>10</span> 
     </span>
     <span class='ocr_line' id='line_1_13' title="bbox 46 767 1399 814; baseline -0.005 0"><span class='ocrx_word' id='word_1_91' title='bbox 46 776 171 814; x_wconf 86' lang='lat' dir='ltr'>risum</span> <span class='ocrx_word' id='word_1_92' title='bbox 215 774 421 814; x_wconf 88' lang='lat' dir='ltr'>obuiorum</span> <span class='ocrx_word' id='word_1_93' title='bbox 465 774 665 813; x_wconf 88' lang='lat' dir='ltr'>declinans</span> <span class='ocrx_word' id='word_1_94' title='bbox 710 773 827 811; x_wconf 87' lang='lat' dir='ltr'>lateri</span> <span class='ocrx_word' id='word_1_95' title='bbox 864 773 947 810; x_wconf 90' lang='lat' dir='ltr'>eius</span> <span class='ocrx_word' id='word_1_96' title='bbox 986 770 1293 809; x_wconf 78' lang='lat' dir='ltr'>adambulabam</span> <span class='ocrx_word' id='word_1_97' title='bbox 1331 767 1399 808; x_wconf 93' lang='lat' dir='ltr'>ob-</span> 
     </span>
     <span class='ocr_line' id='line_1_14' title="bbox 46 830 1398 884; baseline -0.004 -11"><span class='ocrx_word' id='word_1_98' title='bbox 46 837 186 874; x_wconf 86' lang='lat' dir='ltr'>tectus.</span> <span class='ocrx_word' id='word_1_99' title='bbox 247 847 318 873; x_wconf 91' lang='lat' dir='ltr'>nec</span> <span class='ocrx_word' id='word_1_100' title='bbox 356 835 425 884; x_wconf 91' lang='lat' dir='ltr'>qui</span> <span class='ocrx_word' id='word_1_101' title='bbox 462 834 639 882; x_wconf 89' lang='lat' dir='ltr'>lauerim,</span> <span class='ocrx_word' id='word_1_102' title='bbox 679 833 746 882; x_wconf 89' lang='lat' dir='ltr'>qui</span> <span class='ocrx_word' id='word_1_103' title='bbox 784 832 976 880; x_wconf 87' lang='lat' dir='ltr'>terserim,</span> <span class='ocrx_word' id='word_1_104' title='bbox 1015 831 1083 880; x_wconf 92' lang='lat' dir='ltr'>qui</span> <span class='ocrx_word' id='word_1_105' title='bbox 1121 830 1281 869; x_wconf 90' lang='lat' dir='ltr'>domum</span> <span class='ocrx_word' id='word_1_106' title='bbox 1315 842 1398 867; x_wconf 88' lang='lat' dir='ltr'>rur-</span> 
     </span>
     <span class='ocr_line' id='line_1_15' title="bbox 48 889 1400 944; baseline -0.005 -11"><span class='ocrx_word' id='word_1_107' title='bbox 48 908 134 934; x_wconf 89' lang='lat' dir='ltr'>sum</span> <span class='ocrx_word' id='word_1_108' title='bbox 164 896 407 943; x_wconf 82' lang='lat' dir='ltr'>reuerterim,</span> <span class='ocrx_word' id='word_1_109' title='bbox 444 906 538 944; x_wconf 90' lang='lat' dir='ltr'>prae</span> <span class='ocrx_word' id='word_1_110' title='bbox 576 893 716 931; x_wconf 86' lang='lat' dir='ltr'>rubore</span> <span class='ocrx_word' id='word_1_111' title='bbox 749 892 928 941; x_wconf 83' lang='lat' dir='ltr'>memini3</span> <span class='ocrx_word' id='word_1_112' title='bbox 968 893 1023 929; x_wconf 86' lang='lat' dir='ltr'>sie</span> <span class='ocrx_word' id='word_1_113' title='bbox 1055 891 1232 928; x_wconf 89' lang='lat' dir='ltr'>omnium</span> <span class='ocrx_word' id='word_1_114' title='bbox 1263 889 1400 938; x_wconf 87' lang='lat' dir='ltr'>oculis,</span> 
     </span>
     <span class='ocr_line' id='line_1_16' title="bbox 47 948 1399 1003; baseline -0.004 -11"><span class='ocrx_word' id='word_1_115' title='bbox 47 954 211 992; x_wconf 89' lang='lat' dir='ltr'>nutibus</span> <span class='ocrx_word' id='word_1_116' title='bbox 249 966 294 992; x_wconf 87' lang='lat' dir='ltr'>ac</span> <span class='ocrx_word' id='word_1_117' title='bbox 332 954 502 1003; x_wconf 88' lang='lat' dir='ltr'>denique</span> <span class='ocrx_word' id='word_1_118' title='bbox 539 952 720 991; x_wconf 89' lang='lat' dir='ltr'>manibus</span> <span class='ocrx_word' id='word_1_119' title='bbox 758 952 968 990; x_wconf 88' lang='lat' dir='ltr'>denotatus</span> <span class='ocrx_word' id='word_1_120' title='bbox 1008 952 1123 1000; x_wconf 81' lang='lat' dir='ltr'>inpos</span> <span class='ocrx_word' id='word_1_121' title='bbox 1162 948 1285 988; x_wconf 86' lang='lat' dir='ltr'>animi</span> <span class='ocrx_word' id='word_1_122' title='bbox 1317 950 1399 987; x_wconf 84' lang='lat' dir='ltr'>stu-</span> 
     </span>
     <span class='ocr_line' id='line_1_17' title="bbox 47 1014 1454 1064; baseline -0.004 -12"><span class='ocrx_word' id='word_1_123' title='bbox 47 1014 200 1064; x_wconf 85' lang='lat' dir='ltr'>pebam.</span> <span class='ocrx_word' id='word_1_124' title='bbox 1422 1021 1454 1046; x_wconf 85' lang='lat'>15</span> 
     </span>
    </p>

    <p class='ocr_par' dir='ltr' id='par_1_6' title="bbox 12 1069 1472 1600">
     <span class='ocr_line' id='line_1_18' title="bbox 12 1069 1472 1123; baseline -0.005 -11"><span class='ocrx_word' id='word_1_125' title='bbox 12 1092 30 1116; x_wconf 75' lang='lat'>⁶·</span> <span class='ocrx_word' id='word_1_126' title='bbox 137 1074 299 1123; x_wconf 88' lang='lat' dir='ltr'>Raptim</span> <span class='ocrx_word' id='word_1_127' title='bbox 339 1072 506 1122; x_wconf 85' lang='lat' dir='ltr'>denique</span> <span class='ocrx_word' id='word_1_128' title='bbox 544 1072 782 1122; x_wconf 84' lang='lat' dir='ltr'>paupertina</span> <span class='ocrx_word' id='word_1_129' title='bbox 814 1071 974 1110; x_wconf 83' lang='lat' dir='ltr'>Milonis</span> <span class='ocrx_word' id='word_1_130' title='bbox 1008 1070 1146 1108; x_wconf 85' lang='lat' dir='ltr'>cenula</span> <span class='ocrx_word' id='word_1_131' title='bbox 1171 1069 1401 1119; x_wconf 86' lang='lat' dir='ltr'>perfunctus</span> <span class='ocrx_word' id='word_1_132' title='bbox 1423 1078 1472 1114; x_wconf 80' lang='lat'>13</span> 
     </span>
     <span class='ocr_line' id='line_1_19' title="bbox 49 1128 1401 1182; baseline -0.005 -10"><span class='ocrx_word' id='word_1_133' title='bbox 49 1135 310 1182; x_wconf 74' lang='lat' dir='ltr'>causatusque</span> <span class='ocrx_word' id='word_1_134' title='bbox 354 1132 496 1182; x_wconf 86' lang='lat' dir='ltr'>capitis</span> <span class='ocrx_word' id='word_1_135' title='bbox 538 1145 667 1170; x_wconf 87' lang='lat' dir='ltr'>acrem</span> <span class='ocrx_word' id='word_1_136' title='bbox 702 1131 887 1180; x_wconf 85' lang='lat' dir='ltr'>dolorem,</span> <span class='ocrx_word' id='word_1_137' title='bbox 929 1143 1046 1180; x_wconf 89' lang='lat' dir='ltr'>quem</span> <span class='ocrx_word' id='word_1_138' title='bbox 1081 1129 1180 1166; x_wconf 89' lang='lat' dir='ltr'>mihi</span> <span class='ocrx_word' id='word_1_139' title='bbox 1218 1128 1401 1166; x_wconf 87' lang='lat' dir='ltr'>lacrima-</span> 
     </span>
     <span class='ocr_line' id='line_1_20' title="bbox 47 1188 1401 1241; baseline -0.005 -9"><span class='ocrx_word' id='word_1_140' title='bbox 47 1207 138 1232; x_wconf 88' lang='lat' dir='ltr'>rum</span> <span class='ocrx_word' id='word_1_141' title='bbox 175 1192 393 1232; x_wconf 87' lang='lat' dir='ltr'>adsiduitas</span> <span class='ocrx_word' id='word_1_142' title='bbox 430 1193 666 1241; x_wconf 87' lang='lat' dir='ltr'>incusserat,</span> <span class='ocrx_word' id='word_1_143' title='bbox 707 1191 875 1230; x_wconf 89' lang='lat' dir='ltr'>concedo</span> <span class='ocrx_word' id='word_1_144' title='bbox 914 1190 1092 1229; x_wconf 89' lang='lat' dir='ltr'>cubitum</span> <span class='ocrx_word' id='word_1_145' title='bbox 1128 1190 1246 1227; x_wconf 85' lang='lat' dir='ltr'>uenia</span> <span class='ocrx_word' id='word_1_146' title='bbox 1282 1188 1401 1226; x_wconf 87' lang='lat' dir='ltr'>facile</span> 
     </span>
     <span class='ocr_line' id='line_1_21' title="bbox 47 1246 1401 1304; baseline -0.005 -13"><span class='ocrx_word' id='word_1_147' title='bbox 47 1252 200 1292; x_wconf 87' lang='lat' dir='ltr'>tributa</span> <span class='ocrx_word' id='word_1_148' title='bbox 240 1255 279 1291; x_wconf 91' lang='lat' dir='ltr'>et</span> <span class='ocrx_word' id='word_1_149' title='bbox 319 1253 494 1290; x_wconf 86' lang='lat' dir='ltr'>abiectus</span> <span class='ocrx_word' id='word_1_150' title='bbox 531 1252 572 1289; x_wconf 91' lang='lat' dir='ltr'>in</span> <span class='ocrx_word' id='word_1_151' title='bbox 611 1246 768 1304; x_wconf 48' lang='lat' dir='ltr'>lectuilo</span> <span class='ocrx_word' id='word_1_152' title='bbox 800 1263 905 1299; x_wconf 89' lang='lat' dir='ltr'>meo,</span> <span class='ocrx_word' id='word_1_153' title='bbox 946 1262 1047 1299; x_wconf 90' lang='lat' dir='ltr'>quae</span> <span class='ocrx_word' id='word_1_154' title='bbox 1085 1250 1198 1300; x_wconf 85' lang='lat' dir='ltr'>gesta</span> <span class='ocrx_word' id='word_1_155' title='bbox 1228 1249 1401 1292; x_wconf 86' lang='lat' dir='ltr'>fuerant,</span> 
     </span>
     <span class='ocr_line' id='line_1_22' title="bbox 49 1308 1454 1364; baseline -0.004 -13"><span class='ocrx_word' id='word_1_156' title='bbox 49 1313 207 1364; x_wconf 86' lang='lat' dir='ltr'>singula</span> <span class='ocrx_word' id='word_1_157' title='bbox 249 1314 421 1350; x_wconf 87' lang='lat' dir='ltr'>maestus</span> <span class='ocrx_word' id='word_1_158' title='bbox 465 1311 717 1359; x_wconf 85' lang='lat' dir='ltr'>recordabar,</span> <span class='ocrx_word' id='word_1_159' title='bbox 769 1310 900 1360; x_wconf 89' lang='lat' dir='ltr'>quoad</span> <span class='ocrx_word' id='word_1_160' title='bbox 949 1309 1110 1347; x_wconf 89' lang='lat' dir='ltr'>tandem</span> <span class='ocrx_word' id='word_1_161' title='bbox 1158 1308 1268 1346; x_wconf 84' lang='lat' dir='ltr'>Fotis</span> <span class='ocrx_word' id='word_1_162' title='bbox 1312 1319 1400 1345; x_wconf 89' lang='lat' dir='ltr'>mea</span> <span class='ocrx_word' id='word_1_163' title='bbox 1419 1321 1454 1346; x_wconf 80' lang='lat'>20</span> 
     </span>
     <span class='ocr_line' id='line_1_23' title="bbox 51 1366 1401 1421; baseline -0.005 -11"><span class='ocrx_word' id='word_1_164' title='bbox 51 1372 231 1411; x_wconf 89' lang='lat' dir='ltr'>dominae</span> <span class='ocrx_word' id='word_1_165' title='bbox 272 1385 365 1411; x_wconf 83' lang='lat' dir='ltr'>suae</span> <span class='ocrx_word' id='word_1_166' title='bbox 407 1371 543 1409; x_wconf 88' lang='lat' dir='ltr'>cubitu</span> <span class='ocrx_word' id='word_1_167' title='bbox 583 1372 794 1421; x_wconf 87' lang='lat' dir='ltr'>procurato</span> <span class='ocrx_word' id='word_1_168' title='bbox 836 1371 898 1408; x_wconf 89' lang='lat' dir='ltr'>sui</span> <span class='ocrx_word' id='word_1_169' title='bbox 937 1370 1052 1420; x_wconf 80' lang='lat' dir='ltr'>longe</span> <span class='ocrx_word' id='word_1_170' title='bbox 1093 1368 1296 1407; x_wconf 87' lang='lat' dir='ltr'>dissimilis</span> <span class='ocrx_word' id='word_1_171' title='bbox 1336 1366 1401 1404; x_wconf 89' lang='lat' dir='ltr'>ad-</span> 
     </span>
     <span class='ocr_line' id='line_1_24' title="bbox 49 1426 1403 1482; baseline -0.004 -12"><span class='ocrx_word' id='word_1_172' title='bbox 49 1432 177 1482; x_wconf 82' lang='lat' dir='ltr'>uenit3</span> <span class='ocrx_word' id='word_1_173' title='bbox 217 1444 294 1470; x_wconf 91' lang='lat' dir='ltr'>non</span> <span class='ocrx_word' id='word_1_174' title='bbox 338 1433 441 1469; x_wconf 71' lang='lat' dir='ltr'>enim</span> <span class='ocrx_word' id='word_1_175' title='bbox 480 1431 587 1469; x_wconf 90' lang='lat' dir='ltr'>laeta</span> <span class='ocrx_word' id='word_1_176' title='bbox 624 1431 725 1469; x_wconf 83' lang='lat' dir='ltr'>facie</span> <span class='ocrx_word' id='word_1_177' title='bbox 766 1442 837 1468; x_wconf 87' lang='lat' dir='ltr'>nec</span> <span class='ocrx_word' id='word_1_178' title='bbox 878 1442 1053 1468; x_wconf 85' lang='lat' dir='ltr'>sermone</span> <span class='ocrx_word' id='word_1_179' title='bbox 1095 1427 1292 1476; x_wconf 85' lang='lat' dir='ltr'>dicaculo‚</span> <span class='ocrx_word' id='word_1_180' title='bbox 1335 1426 1403 1465; x_wconf 89' lang='lat' dir='ltr'>sed</span> 
     </span>
     <span class='ocr_line' id='line_1_25' title="bbox 49 1488 1401 1541; baseline -0.005 -11"><span class='ocrx_word' id='word_1_181' title='bbox 49 1492 276 1530; x_wconf 88' lang='lat' dir='ltr'>uultuosam</span> <span class='ocrx_word' id='word_1_182' title='bbox 290 1491 460 1529; x_wconf 88' lang='lat' dir='ltr'>frontem</span> <span class='ocrx_word' id='word_1_183' title='bbox 479 1492 589 1541; x_wconf 83' lang='lat' dir='ltr'>rugis</span> <span class='ocrx_word' id='word_1_184' title='bbox 604 1489 899 1540; x_wconf 85' lang='lat' dir='ltr'>insurgentibus</span> <span class='ocrx_word' id='word_1_185' title='bbox 915 1488 1185 1528; x_wconf 81' lang='lat' dir='ltr'>adseuerabat.</span> <span class='ocrx_word' id='word_1_186' title='bbox 1213 1488 1401 1526; x_wconf 88' lang='lat' dir='ltr'>cunctan-</span> 
     </span>
     <span class='ocr_line' id='line_1_26' title="bbox 49 1543 1401 1600; baseline -0.005 -10"><span class='ocrx_word' id='word_1_187' title='bbox 49 1553 110 1590; x_wconf 87' lang='lat' dir='ltr'>ter</span> <span class='ocrx_word' id='word_1_188' title='bbox 136 1564 180 1590; x_wconf 92' lang='lat' dir='ltr'>ac</span> <span class='ocrx_word' id='word_1_189' title='bbox 205 1551 343 1589; x_wconf 90' lang='lat' dir='ltr'>timide</span> <span class='ocrx_word' id='word_1_190' title='bbox 369 1551 537 1600; x_wconf 90' lang='lat' dir='ltr'>denique</span> <span class='ocrx_word' id='word_1_191' title='bbox 564 1563 740 1588; x_wconf 88' lang='lat' dir='ltr'>sermone</span> <span class='ocrx_word' id='word_1_192' title='bbox 766 1550 941 1599; x_wconf 86' lang='lat' dir='ltr'>prolato:</span> <span class='ocrx_word' id='word_1_193' title='bbox 973 1545 1091 1599; x_wconf 79' lang='lat' dir='ltr'>‘ego&#39;,</span> <span class='ocrx_word' id='word_1_194' title='bbox 1116 1547 1260 1596; x_wconf 84' lang='lat' dir='ltr'>inquit,</span> <span class='ocrx_word' id='word_1_195' title='bbox 1289 1543 1401 1596; x_wconf 76' lang='lat' dir='ltr'>‘ipsa‚</span> 
     </span>
    </p>

    <p class='ocr_par' dir='ltr' id='par_1_7' title="bbox 17 1603 1457 1720">
     <span class='ocr_line' id='line_1_27' title="bbox 17 1603 1457 1661; baseline -0.005 -8"><span class='ocrx_word' id='word_1_196' title='bbox 17 1627 31 1653; x_wconf 91' lang='lat'>7</span> <span class='ocrx_word' id='word_1_197' title='bbox 49 1611 238 1650; x_wconf 87' lang='lat' dir='ltr'>confiteor</span> <span class='ocrx_word' id='word_1_198' title='bbox 273 1611 391 1659; x_wconf 87' lang='lat' dir='ltr'>ultro,</span> <span class='ocrx_word' id='word_1_199' title='bbox 428 1623 500 1661; x_wconf 84' lang='lat' dir='ltr'>ego</span> <span class='ocrx_word' id='word_1_200' title='bbox 538 1610 614 1648; x_wconf 86' lang='lat' dir='ltr'>tibi</span> <span class='ocrx_word' id='word_1_201' title='bbox 643 1611 762 1648; x_wconf 80' lang='lat' dir='ltr'>huius</span> <span class='ocrx_word' id='word_1_202' title='bbox 800 1610 1003 1648; x_wconf 87' lang='lat' dir='ltr'>molestiae</span> <span class='ocrx_word' id='word_1_203' title='bbox 1037 1604 1214 1658; x_wconf 77' lang='lat' dir='ltr'>(causa)</span> <span class='ocrx_word' id='word_1_204' title='bbox 1245 1603 1332 1655; x_wconf 81' lang='lat' dir='ltr'>fui&#39;‚</span> <span class='ocrx_word' id='word_1_205' title='bbox 1365 1607 1404 1643; x_wconf 88' lang='lat' dir='ltr'>et</span> <span class='ocrx_word' id='word_1_206' title='bbox 1424 1620 1457 1646; x_wconf 87' lang='lat'>25</span> 
     </span>
     <span class='ocr_line' id='line_1_28' title="bbox 52 1666 1403 1720; baseline -0.005 -10"><span class='ocrx_word' id='word_1_207' title='bbox 52 1684 139 1710; x_wconf 87' lang='lat' dir='ltr'>cum</span> <span class='ocrx_word' id='word_1_208' title='bbox 177 1671 282 1709; x_wconf 90' lang='lat' dir='ltr'>dicto</span> <span class='ocrx_word' id='word_1_209' title='bbox 319 1671 448 1709; x_wconf 89' lang='lat' dir='ltr'>lorum</span> <span class='ocrx_word' id='word_1_210' title='bbox 486 1670 711 1720; x_wconf 90' lang='lat' dir='ltr'>quempiam</span> <span class='ocrx_word' id='word_1_211' title='bbox 749 1670 838 1709; x_wconf 91' lang='lat' dir='ltr'>sinu</span> <span class='ocrx_word' id='word_1_212' title='bbox 879 1681 949 1708; x_wconf 87' lang='lat' dir='ltr'>suo</span> <span class='ocrx_word' id='word_1_213' title='bbox 990 1668 1189 1718; x_wconf 87' lang='lat' dir='ltr'>depromit</span> <span class='ocrx_word' id='word_1_214' title='bbox 1228 1666 1403 1715; x_wconf 89' lang='lat' dir='ltr'>mihique</span> 
     </span>
    </p>
   </div>
   <div class='ocr_carea' id='block_1_4' title="bbox 73 1758 1404 1768">
    <p class='ocr_par' dir='ltr' id='par_1_8' title="bbox 73 1758 1404 1768">
     <span class='ocr_line' id='line_1_29' title="bbox 73 1758 1404 1768; baseline 0 0"><span class='ocrx_word' id='word_1_215' title='bbox 73 1758 1404 1768; x_wconf 95' lang='lat' dir='ltr'> </span> 
     </span>
    </p>
   </div>
   <div class='ocr_carea' id='block_1_5' title="bbox 53 1816 1406 2153">
    <p class='ocr_par' dir='ltr' id='par_1_9' title="bbox 53 1816 1406 2153">
     <span class='ocr_line' id='line_1_30' title="bbox 123 1816 1404 1865; baseline -0.005 -10"><span class='ocrx_word' id='word_1_216' title='bbox 123 1821 151 1855; x_wconf 87' lang='lat' dir='ltr'><strong>F</strong></span> <span class='ocrx_word' id='word_1_217' title='bbox 179 1824 273 1856; x_wconf 73' lang='lat'><strong>136⁸.</strong></span> <span class='ocrx_word' id='word_1_218' title='bbox 302 1834 329 1865; x_wconf 85' lang='grc' dir='ltr'>φ</span> <span class='ocrx_word' id='word_1_219' title='bbox 356 1820 431 1856; x_wconf 80' lang='lat' dir='ltr'>33b</span> <span class='ocrx_word' id='word_1_220' title='bbox 577 1827 594 1854; x_wconf 80' lang='lat'>2</span> <span class='ocrx_word' id='word_1_221' title='bbox 620 1830 755 1865; x_wconf 85' lang='lat' dir='ltr'>parens</span> <span class='ocrx_word' id='word_1_222' title='bbox 780 1819 847 1855; x_wconf 81' lang='lat' dir='ltr'>del.</span> <span class='ocrx_word' id='word_1_223' title='bbox 875 1819 915 1853; x_wconf 87' lang='grc' dir='ltr'><em>Ε</em></span> <span class='ocrx_word' id='word_1_224' title='bbox 947 1816 1223 1863; x_wconf 74' lang='lat' dir='ltr'>obtemperans’</span> <span class='ocrx_word' id='word_1_225' title='bbox 1252 1817 1404 1860; x_wconf 72' lang='lat' dir='ltr'>interpr</span> 
     </span>
     <span class='ocr_line' id='line_1_31' title="bbox 53 1862 1405 1924; baseline -0.007 -19"><span class='ocrx_word' id='word_1_226' title='bbox 53 1868 204 1924; x_wconf 75' lang='lat' dir='ltr'>Seyffert</span> <span class='ocrx_word' id='word_1_227' title='bbox 218 1880 398 1923; x_wconf 78' lang='lat' dir='ltr'>praesens</span> <span class='ocrx_word' id='word_1_228' title='bbox 420 1868 550 1912; x_wconf 44' lang='lat' dir='ltr'>Luem}-</span> <span class='ocrx_word' id='word_1_229' title='bbox 574 1868 636 1903; x_wconf 82' lang='lat' dir='ltr'>sed</span> <span class='ocrx_word' id='word_1_230' title='bbox 661 1871 809 1903; x_wconf 28' lang='lat' dir='ltr'>qffestaoet</span> <span class='ocrx_word' id='word_1_231' title='bbox 829 1867 1033 1910; x_wconf 75' lang='lat' dir='ltr'>difficultas</span> <span class='ocrx_word' id='word_1_232' title='bbox 1052 1867 1093 1901; x_wconf 75' lang='lat' dir='ltr'>in</span> <span class='ocrx_word' id='word_1_233' title='bbox 1112 1864 1188 1900; x_wconf 83' lang='lat' dir='ltr'>tuis</span> <span class='ocrx_word' id='word_1_234' title='bbox 1237 1862 1405 1909; x_wconf 88' lang='lat' dir='ltr'>parentis</span> 
     </span>
     <span class='ocr_line' id='line_1_32' title="bbox 54 1910 1406 1962; baseline -0.004 -11"><span class='ocrx_word' id='word_1_235' title='bbox 54 1916 163 1952; x_wconf 83' lang='lat' dir='ltr'>iussis</span> <span class='ocrx_word' id='word_1_236' title='bbox 189 1916 262 1962; x_wconf 86' lang='lat' dir='ltr'>piis</span> <span class='ocrx_word' id='word_1_237' title='bbox 291 1915 373 1951; x_wconf 77' lang='lat' dir='ltr'>Oud</span> <span class='ocrx_word' id='word_1_238' title='bbox 422 1916 493 1951; x_wconf 84' lang='lat' dir='ltr'>vid.</span> <span class='ocrx_word' id='word_1_239' title='bbox 520 1916 634 1960; x_wconf 78' lang='lat' dir='ltr'>Apul.</span> <span class='ocrx_word' id='word_1_240' title='bbox 660 1916 804 1950; x_wconf 78' lang='lat' dir='ltr'>vertisse</span> <span class='ocrx_word' id='word_1_241' title='bbox 831 1916 973 1950; x_wconf 81' lang='lat' dir='ltr'>Graeca</span> <span class='ocrx_word' id='word_1_242' title='bbox 999 1914 1127 1959; x_wconf 77' lang='lat' dir='ltr'>qualia</span> <span class='ocrx_word' id='word_1_243' title='bbox 1147 1910 1406 1955; x_wconf 82' lang='grc' dir='ltr'><em>ἀπεκρινάμην</em></span> 
     </span>
     <span class='ocr_line' id='line_1_33' title="bbox 55 1958 1405 2010; baseline -0.005 -11"><span class='ocrx_word' id='word_1_244' title='bbox 55 1964 147 2010; x_wconf 83' lang='grc' dir='ltr'><strong><em>αὐτῇ</em></strong></span> <span class='ocrx_word' id='word_1_245' title='bbox 173 1965 248 2000; x_wconf 81' lang='lat' dir='ltr'>scil.</span> <span class='ocrx_word' id='word_1_246' title='bbox 268 1975 338 2009; x_wconf 79' lang='lat' dir='ltr'>per</span> <span class='ocrx_word' id='word_1_247' title='bbox 362 1964 535 1998; x_wconf 70' lang='lat' dir='ltr'>nuntium</span> <span class='ocrx_word' id='word_1_248' title='bbox 614 1970 632 1997; x_wconf 81' lang='grc' dir='ltr'><strong>θ</strong></span> <span class='ocrx_word' id='word_1_249' title='bbox 658 1973 755 1998; x_wconf 78' lang='lat' dir='ltr'>*nec</span> <span class='ocrx_word' id='word_1_250' title='bbox 781 1973 840 1997; x_wconf 90' lang='lat' dir='ltr'>me</span> <span class='ocrx_word' id='word_1_251' title='bbox 865 1963 956 2007; x_wconf 81' lang='lat' dir='ltr'>(fuit</span> <span class='ocrx_word' id='word_1_252' title='bbox 979 1974 1016 1996; x_wconf 91' lang='lat' dir='ltr'>m</span> <span class='ocrx_word' id='word_1_253' title='bbox 1037 1972 1108 2006; x_wconf 78' lang='lat' dir='ltr'>pro</span> <span class='ocrx_word' id='word_1_254' title='bbox 1134 1961 1173 2006; x_wconf 92' lang='lat' dir='ltr'>n)</span> <span class='ocrx_word' id='word_1_255' title='bbox 1246 1966 1263 1993; x_wconf 86' lang='grc'>8</span> <span class='ocrx_word' id='word_1_256' title='bbox 1289 1958 1405 1993; x_wconf 89' lang='lat' dir='ltr'>milon</span> 
     </span>
     <span class='ocr_line' id='line_1_34' title="bbox 53 2007 1404 2058; baseline -0.005 -11"><span class='ocrx_word' id='word_1_257' title='bbox 53 2013 112 2058; x_wconf 85' lang='grc' dir='ltr'>(φ)</span> <span class='ocrx_word' id='word_1_258' title='bbox 137 2012 198 2047; x_wconf 79' lang='lat' dir='ltr'>sed</span> <span class='ocrx_word' id='word_1_259' title='bbox 222 2024 246 2046; x_wconf 93' lang='lat' dir='ltr'>n</span> <span class='ocrx_word' id='word_1_260' title='bbox 272 2023 362 2047; x_wconf 80' lang='lat' dir='ltr'>eras.</span> <span class='ocrx_word' id='word_1_261' title='bbox 389 2013 432 2056; x_wconf 79' lang='lat' dir='ltr'>cf</span> <span class='ocrx_word' id='word_1_262' title='bbox 449 2023 479 2047; x_wconf 87' lang='lat' dir='ltr'>v.</span> <span class='ocrx_word' id='word_1_263' title='bbox 501 2014 523 2046; x_wconf 77' lang='lat'><em>4</em></span> <span class='ocrx_word' id='word_1_264' title='bbox 549 2015 582 2046; x_wconf 76' lang='lat' dir='ltr'>et</span> <span class='ocrx_word' id='word_1_265' title='bbox 607 2013 716 2053; x_wconf 81' lang='grc'><em>59,18</em></span> <span class='ocrx_word' id='word_1_266' title='bbox 831 2017 848 2043; x_wconf 77' lang='lat'>9</span> <span class='ocrx_word' id='word_1_267' title='bbox 875 2009 1048 2055; x_wconf 86' lang='lat' dir='ltr'>perducit</span> <span class='ocrx_word' id='word_1_268' title='bbox 1072 2009 1119 2045; x_wconf 84' lang='lat' dir='ltr'>vd</span> <span class='ocrx_word' id='word_1_269' title='bbox 1135 2009 1184 2043; x_wconf 85' lang='lat' dir='ltr'>Vl</span> <span class='ocrx_word' id='word_1_270' title='bbox 1297 2013 1334 2041; x_wconf 78' lang='lat'>14</span> <span class='ocrx_word' id='word_1_271' title='bbox 1360 2007 1404 2050; x_wconf 83' lang='lat' dir='ltr'>cf.</span> 
     </span>
     <span class='ocr_line' id='line_1_35' title="bbox 55 2038 1405 2103; baseline -0.004 -8"><span class='ocrx_word' id='word_1_272' title='bbox 55 2062 161 2103; x_wconf 88' lang='grc'><strong><em>50,13</em></strong></span> <span class='ocrx_word' id='word_1_273' title='bbox 257 2065 294 2094; x_wconf 89' lang='lat'>18</span> <span class='ocrx_word' id='word_1_274' title='bbox 330 2058 480 2094; x_wconf 80' lang='lat' dir='ltr'>l‘cubitu</span> <span class='ocrx_word' id='word_1_275' title='bbox 510 2059 623 2094; x_wconf 88' lang='lat' dir='ltr'>uenia</span> <span class='ocrx_word' id='word_1_276' title='bbox 654 2038 768 2093; x_wconf 75' lang='lat' dir='ltr'>&#39;facile</span> <span class='ocrx_word' id='word_1_277' title='bbox 798 2058 943 2092; x_wconf 84' lang='lat' dir='ltr'>tributa</span> <span class='ocrx_word' id='word_1_278' title='bbox 979 2057 1118 2092; x_wconf 82' lang='lat' dir='ltr'>llccedo</span> <span class='ocrx_word' id='word_1_279' title='bbox 1149 2056 1205 2101; x_wconf 78' lang='grc' dir='ltr'>(φ,</span> <span class='ocrx_word' id='word_1_280' title='bbox 1237 2055 1296 2090; x_wconf 85' lang='lat' dir='ltr'>sed</span> <span class='ocrx_word' id='word_1_281' title='bbox 1329 2055 1405 2090; x_wconf 84' lang='lat' dir='ltr'>ord.</span> 
     </span>
     <span class='ocr_line' id='line_1_36' title="bbox 53 2104 1359 2153; baseline -0.005 -10"><span class='ocrx_word' id='word_1_282' title='bbox 53 2118 128 2143; x_wconf 76' lang='lat' dir='ltr'>‘non</span> <span class='ocrx_word' id='word_1_283' title='bbox 162 2108 315 2152; x_wconf 78' lang='lat' dir='ltr'>mutato)</span> <span class='ocrx_word' id='word_1_284' title='bbox 457 2113 496 2141; x_wconf 75' lang='lat'>22</span> <span class='ocrx_word' id='word_1_285' title='bbox 520 2106 665 2142; x_wconf 82' lang='lat' dir='ltr'>nonens</span> <span class='ocrx_word' id='word_1_286' title='bbox 694 2106 772 2153; x_wconf 66' lang='lat' dir='ltr'>leta</span> <span class='ocrx_word' id='word_1_287' title='bbox 806 2107 862 2151; x_wconf 75' lang='lat' dir='ltr'>(in</span> <span class='ocrx_word' id='word_1_288' title='bbox 895 2117 963 2152; x_wconf 71' lang='lat' dir='ltr'>my.</span> <span class='ocrx_word' id='word_1_289' title='bbox 1035 2125 1041 2131; x_wconf 93' lang='lat'>·</span> <span class='ocrx_word' id='word_1_290' title='bbox 1077 2105 1123 2149; x_wconf 79' lang='lat' dir='ltr'>cf.</span> <span class='ocrx_word' id='word_1_291' title='bbox 1149 2104 1268 2148; x_wconf 76' lang='lat' dir='ltr'>praef.</span> <span class='ocrx_word' id='word_1_292' title='bbox 1298 2104 1359 2147; x_wconf 81' lang='lat'>34)</span> 
     </span>
    </p>
   </div>
   <div class='ocr_carea' id='block_1_6' title="bbox 57 2162 1408 2235">
    <p class='ocr_par' dir='ltr' id='par_1_10' title="bbox 57 2162 1408 2235">
     <span class='ocr_line' id='line_1_37' title="bbox 57 2162 1408 2235; baseline -0.004 -10"><span class='ocrx_word' id='word_1_293' title='bbox 57 2204 100 2235; x_wconf 76' lang='lat' dir='ltr'>tp:</span> <span class='ocrx_word' id='word_1_294' title='bbox 126 2162 253 2225; x_wconf 49' lang='lat' dir='ltr'>noleeltb</span> <span class='ocrx_word' id='word_1_295' title='bbox 281 2191 318 2235; x_wconf 81' lang='grc'>(“</span> <span class='ocrx_word' id='word_1_296' title='bbox 331 2194 364 2225; x_wconf 76' lang='lat' dir='ltr'>et</span> <span class='ocrx_word' id='word_1_297' title='bbox 383 2186 435 2205; x_wconf 72' lang='lat'>‘³¹²³</span> <span class='ocrx_word' id='word_1_298' title='bbox 455 2190 540 2225; x_wconf 79' lang='lat' dir='ltr'>add.</span> <span class='ocrx_word' id='word_1_299' title='bbox 566 2201 611 2225; x_wconf 87' lang='lat' dir='ltr'>m.</span> <span class='ocrx_word' id='word_1_300' title='bbox 632 2190 821 2234; x_wconf 69' lang='lat' dir='ltr'>recentior)</span> <span class='ocrx_word' id='word_1_301' title='bbox 846 2201 909 2225; x_wconf 84' lang='lat' dir='ltr'>em.</span> <span class='ocrx_word' id='word_1_302' title='bbox 930 2188 1006 2224; x_wconf 78' lang='lat' dir='ltr'>cod.</span> <span class='ocrx_word' id='word_1_303' title='bbox 1028 2189 1130 2223; x_wconf 81' lang='lat' dir='ltr'>Dorv</span> <span class='ocrx_word' id='word_1_304' title='bbox 1157 2187 1202 2231; x_wconf 81' lang='lat' dir='ltr'>cf.</span> <span class='ocrx_word' id='word_1_305' title='bbox 1218 2187 1338 2231; x_wconf 77' lang='lat' dir='ltr'>praef.</span> <span class='ocrx_word' id='word_1_306' title='bbox 1359 2188 1408 2219; x_wconf 78' lang='lat'>46</span> 
     </span>
    </p>
   </div>
   <div class='ocr_carea' id='block_1_7' title="bbox 55 2234 1407 2277">
    <p class='ocr_par' dir='ltr' id='par_1_11' title="bbox 55 2234 1407 2277">
     <span class='ocr_line' id='line_1_38' title="bbox 55 2234 1407 2277; baseline -0.004 -4"><span class='ocrx_word' id='word_1_307' title='bbox 55 2250 129 2273; x_wconf 91' lang='lat' dir='ltr'>non</span> <span class='ocrx_word' id='word_1_308' title='bbox 154 2238 278 2273; x_wconf 85' lang='lat' dir='ltr'>nitens</span> <span class='ocrx_word' id='word_1_309' title='bbox 302 2237 404 2272; x_wconf 79' lang='lat' dir='ltr'>laeta</span> <span class='ocrx_word' id='word_1_310' title='bbox 431 2238 516 2273; x_wconf 79' lang='lat' dir='ltr'>Oolv</span> <span class='ocrx_word' id='word_1_311' title='bbox 541 2237 669 2272; x_wconf 84' lang='lat' dir='ltr'>nolens</span> <span class='ocrx_word' id='word_1_312' title='bbox 701 2247 769 2272; x_wconf 86' lang='lat' dir='ltr'>nec</span> <span class='ocrx_word' id='word_1_313' title='bbox 793 2237 818 2272; x_wconf 95' lang='grc'>].</span> <span class='ocrx_word' id='word_1_314' title='bbox 839 2238 880 2272; x_wconf 87' lang='grc' dir='ltr'><em>Ε</em></span> <span class='ocrx_word' id='word_1_315' title='bbox 1021 2242 1059 2270; x_wconf 79' lang='lat'>23</span> <span class='ocrx_word' id='word_1_316' title='bbox 1085 2234 1328 2270; x_wconf 82' lang='lat' dir='ltr'>adseuerebat</span> <span class='ocrx_word' id='word_1_317' title='bbox 1353 2234 1407 2277; x_wconf 80' lang='grc' dir='ltr'>(φ,</span> 
     </span>
    </p>
   </div>
   <div class='ocr_carea' id='block_1_8' title="bbox 55 2285 1408 2369">
    <p class='ocr_par' dir='ltr' id='par_1_12' title="bbox 55 2285 1408 2369">
     <span class='ocr_line' id='line_1_39' title="bbox 55 2285 1408 2369; baseline -0.007 -47"><span class='ocrx_word' id='word_1_318' title='bbox 55 2285 290 2369; x_wconf 54' lang='lat' dir='ltr'>segdemend.)</span> <span class='ocrx_word' id='word_1_319' title='bbox 433 2292 472 2319; x_wconf 80' lang='lat'>24</span> <span class='ocrx_word' id='word_1_320' title='bbox 497 2296 596 2330; x_wconf 80' lang='lat' dir='ltr'>*ego</span> <span class='ocrx_word' id='word_1_321' title='bbox 628 2286 749 2330; x_wconf 73' lang='lat' dir='ltr'>(nulla</span> <span class='ocrx_word' id='word_1_322' title='bbox 779 2285 847 2320; x_wconf 74' lang='lat' dir='ltr'>litt.</span> <span class='ocrx_word' id='word_1_323' title='bbox 875 2285 946 2320; x_wconf 83' lang='lat' dir='ltr'>vid.</span> <span class='ocrx_word' id='word_1_324' title='bbox 974 2287 1080 2329; x_wconf 82' lang='lat' dir='ltr'>eras.)</span> <span class='ocrx_word' id='word_1_325' title='bbox 1224 2288 1262 2315; x_wconf 80' lang='lat'>25</span> <span class='ocrx_word' id='word_1_326' title='bbox 1295 2290 1408 2315; x_wconf 88' lang='lat' dir='ltr'>causa</span> 
     </span>
     <span class='ocr_line' id='line_1_40' title="bbox 57 2345 190 2369; baseline 0 0"><span class='ocrx_word' id='word_1_327' title='bbox 57 2345 79 2369; x_wconf 88' lang='lat' dir='ltr'>a</span> <span class='ocrx_word' id='word_1_328' title='bbox 134 2345 190 2369; x_wconf 81' lang='grc' dir='ltr'>,υ</span> 
     </span>
    </p>
   </div>
  </div>
 </body>
</html>
