1657 2526
215 73 301 115 270
413 72 586 106 APVLEI
612 70 1077 106 METAMQAEPHQEQN
1105 71 1192 106 LIB.
1214 70 1273 114 xl,
1300 75 1332 107 5.
1353 77 1373 106 6

145 144 213 169 Ottd.

215 185 408 234 pollentes
440 185 631 235 Aegyptii
663 184 910 223 caerimoniis
942 198 1003 222 me
1029 184 1200 234 propriis
1226 185 1468 234 percolentes
1495 197 1561 235 ap·
1591 164 1597 169 Ι
1629 167 1631 170 ⁸

215 244 367 294 pellant
406 257 500 283 uero
538 245 696 283 nomine
732 244 910 295 reginam
941 244 1096 282 Isidem.
1160 243 1297 281 adsum
1328 245 1417 282 tuos
1449 244 1564 283 mise-

215 306 304 341 rata
336 315 460 352 casus,
493 303 631 341 adsum
665 304 803 342 fauens
836 305 876 340 et
906 303 1091 353 propitia.
1141 303 1255 341 mitte
1280 302 1359 341 iam
1385 303 1500 341 fletus
1526 306 1566 341 et

216 362 519 401 lamentationes
557 359 754 413 [omitte],
792 362 943 411 depelle
982 375 1216 411 maerorem3
1253 363 1333 400 iam
1371 362 1444 400 tibi
1476 375 1564 412 pro-

181 422 394 460 5uidentia
439 434 525 460 mea
568 422 776 460 inlucescit
821 421 901 460 dies
944 422 1141 461 salutaris.
1205 434 1297 472 ergo
1335 422 1458 472 igitur
1493 423 1564 459 im-

217 481 336 530 periis
373 481 461 519 istis
500 481 594 519 meis
634 480 810 518 animum
847 481 1007 518 intende
1046 481 1271 519 sollicitum.
1334 480 1455 529 diem,
1500 481 1567 529 qui

218 541 300 578 dies
339 554 383 578 ex
418 540 496 578 ista
528 541 642 578 nocte
673 541 873 589 nascetur,
911 543 1072 578 aeterna
1102 540 1199 577 mihi
1231 541 1477 590 nuncupauit
1508 552 1566 578 re-

217 600 333 650 ligio,
373 612 449 648 quo
488 599 634 637 sedatis
671 599 845 637 hibernis
876 599 1180 649 tempestatibus
1213 601 1252 637 et
1282 599 1414 637 lenitis
1445 599 1565 637 maris

148 664 199 690 7⁶5
220 659 447 708 procellosis
479 658 663 697 fluctibus
694 658 915 709 nauigabili
946 660 1025 696 iam
1054 659 1196 709 pelago
1222 659 1359 696 rudem
1386 658 1565 696 dedican-

167 725 199 750 10
219 720 277 757 tes
323 718 497 757 carinam
541 719 740 767 primitias
782 720 1020 757 commeatus
1057 718 1185 756 libant
1221 718 1297 756 mei
1334 717 1565 757 sacerdotes.

218 778 257 815 id
297 790 449 816 sacrum
488 790 558 815 nec
593 777 765 816 sollicita
796 790 866 815 nec
898 778 1064 826 profana
1096 780 1226 816 mente
1259 777 1416 815 debebis
1449 790 1565 827 oppe-

171 841 195 875 (3
218 837 299 874 riri.
351 850 440 874 nam
474 850 560 875 meo
592 837 745 874 monitu
778 837 958 875 sacerdos
990 837 1030 874 in
1056 838 1141 886 ipso
1167 837 1375 887 procinctu
1399 849 1566 887 pompae

218 909 371 934 roseam
400 909 521 934 manu
548 896 706 935 dextera
732 897 849 935 sistro
875 897 1146 934 cohaerentem
1173 896 1344 946 gestabit
1371 907 1566 934 coronam.

219 958 494 994 incunctanter
526 968 617 1006 ergo
651 955 810 994 dimotis
841 956 1013 994 turbulis
1047 956 1177 994 alacer
1205 956 1434 994 continuare
1460 968 1567 1005 pom-

168 1022 199 1047 15
220 1028 311 1065 pam
360 1011 525 1066 mea[m]
570 1015 749 1053 uolentia
795 1016 919 1054 fretus
964 1017 1003 1053 et
1046 1015 1092 1052 de
1136 1016 1313 1065 proximo
1358 1015 1569 1053 clementer

219 1076 331 1113 uelut
366 1087 525 1112 manum
560 1075 774 1113 sacerdotis
808 1075 1095 1113 osculabundus
1127 1075 1226 1113 rosis
1258 1074 1451 1123 decerptis
1483 1085 1568 1123 pes—

221 1136 342 1172 simae
374 1134 549 1183 mihique
583 1134 829 1173 detestabilis
860 1136 938 1172 iam
972 1134 1119 1172 dudum
1150 1134 1288 1172 beluae
1320 1134 1437 1172 istius
1463 1133 1568 1171 corio

220 1197 259 1231 te
291 1195 472 1243 protinus
505 1206 612 1232 exue.
675 1206 743 1231 nec
778 1194 988 1243 quicquam
1022 1207 1151 1232 rerum
1183 1206 1358 1231 mearum
1391 1193 1569 1231 reformi-

221 1254 288 1291 des
336 1255 383 1291 ut
434 1253 611 1291 arduum.
680 1266 770 1291 nam
814 1253 888 1291 hoc
931 1253 1067 1291 eodem
1109 1255 1325 1301 momento,
1375 1265 1452 1302 quo
1494 1251 1570 1291 tibi

151 1321 202 1346 76⁶
222 1314 350 1362 uenio,
376 1313 492 1350 simul
520 1315 558 1351 et
585 1309 698 1364 [t]ibi
724 1325 920 1362 praesens,
948 1326 1047 1362 quae
1074 1314 1165 1350 sunt
1191 1306 1568 1365 sequentia‚}1sacer-

169 1382 201 1405 21
223 1372 306 1410 doti
339 1385 425 1410 meo
457 1385 528 1421 per
561 1373 730 1421 quietem
763 1372 943 1410 facienda
974 1372 1186 1422 praecipio.
1237 1385 1322 1410 meo
1353 1373 1464 1410 iussu
1495 1370 1568 1408 tibi

222 1432 425 1470 constricti
476 1432 685 1470 comitatus
730 1431 917 1470 decedent
961 1432 1117 1482 populi,
1166 1444 1237 1469 nec
1279 1433 1383 1469 inter
1424 1430 1570 1469 hilares

223 1491 480 1530 caerimonias
538 1493 577 1529 et
626 1491 772 1530 festiua
821 1492 1047 1541 spectacula
1097 1491 1306 1541 quisquam
1357 1490 1570 1528 deformem

221 1551 357 1599 istam,
390 1563 510 1600 quam
543 1552 658 1601 geris,
690 1551 830 1589 faciem
862 1551 1132 1600 perhorrescet
1163 1550 1227 1588 uel
1257 1550 1423 1600 figuram
1458 1551 1569 1586 tuam

170 1618 202 1644 25
222 1612 384 1660 repente
434 1612 629 1648 mutatam
677 1610 838 1659 sequius
881 1611 1166 1660 interpretatus
1210 1609 1354 1659 aliquis
1398 1609 1569 1659 maligne

223 1669 507 1708 criminabitur.
564 1670 681 1719 plane
713 1670 938 1708 memineris
972 1672 1011 1708 et
1042 1669 1178 1718 penita
1208 1672 1338 1707 mente
1370 1668 1570 1707 conditum

223 1742 377 1778 semper
406 1729 558 1768 tenebis
591 1729 688 1766 mihi
721 1730 873 1779 reliqua
904 1730 1013 1767 uitae
1045 1731 1136 1767 tuae
1169 1728 1366 1767 curricula
1398 1728 1570 1776 adusque

222 1788 411 1826 terminos
461 1789 593 1826 ultimi
642 1789 805 1838 spiritus
854 1788 1014 1827 uadata.
1086 1801 1157 1826 nec
1205 1787 1412 1837 iniurium,
1462 1786 1571 1825 cuius

223 1848 409 1886 beneficio
460 1847 621 1885 redieris
672 1848 722 1885 ad
765 1848 960 1897 homines,
1010 1849 1046 1885 ei
1089 1849 1218 1886 totum
1261 1846 1417 1895 debere,
1467 1845 1572 1895 quod

171 1916 203 1939 30
223 1909 346 1945 uiues.
410 1908 520 1945 uiues
553 1909 684 1945 autem
713 1907 717 1955 Ι
746 1907 903 1956 beatus,
935 1908 1046 1945 uiues
1078 1909 1117 1944 in
1150 1920 1237 1945 mea
1269 1907 1396 1944 tutela
1428 1905 1571 1955 glorio-

319 1997 347 2031 F
368 2000 461 2031 179⁸.
496 2011 522 2041 φ
544 1997 618 2032 69¹³.
763 2004 780 2030 2
812 1997 942 2041 regina
973 1996 1141 2031 misidem
1176 1998 1229 2040 (φ)
1263 2007 1352 2031 corr.
1384 1996 1432 2030 αῖ.
1462 2007 1507 2029 m.
1533 1995 1573 2029 in

224 2044 354 2088 regina
381 2044 533 2078 *isidem
679 2052 695 2078 4
729 2044 858 2079 omitte
885 2048 925 2079 ut
950 2055 1026 2079 var.
1052 2045 1127 2079 lect.
1155 2044 1204 2078 ad
1228 2043 1337 2078 mitte
1364 2043 1479 2077 addit.
1505 2042 1574 2077 del.

225 2093 283 2127 He
308 2093 353 2136 cf.
382 2094 467 2135 60,8
495 2095 623 2135 187,14
722 2099 737 2125 7
765 2091 998 2136 nuncupabit
1023 2092 1080 2135 (ιγ)
1106 2102 1156 2126 em
1196 2102 1216 2126 φ’
1313 2097 1349 2124 13
1375 2090 1573 2125 coharente

224 2151 286 2174 em.
314 2154 341 2184 φ
457 2146 492 2172 14
520 2139 710 2174 continare
738 2139 924 2184 Kiessliny
949 2140 994 2182 cf.
1021 2141 1127 2182 22‚11
1238 2145 1274 2172 15
1299 2140 1382 2172 mezi
1409 2139 1464 2183 (φ)
1490 2147 1572 2172 mea

226 2188 310 2222 Gozv
335 2197 455 2221 meam
485 2186 651 2233 <mea>?
680 2187 761 2221 Oud
832 2186 999 2220 uolentia
1024 2188 1081 2231 (φ)
1108 2186 1154 2221 αῖ,
1176 2197 1220 2220 m.
1240 2197 1354 2230 supra
1374 2197 1397 2219 u
1417 2184 1526 2220 add.i

226 2240 263 2268 18
288 2245 413 2269 earum
441 2234 583 2270 Scriver
679 2241 717 2268 20
743 2234 772 2268 &
798 2233 868 2268 tibi
894 2235 951 2278 (φ)
977 2245 1039 2269 em.
1064 2234 1151 2268 Vuzc
1178 2235 1215 2267 et
1240 2232 1311 2267 tibi
1337 2260 1345 2267 .
1373 2260 1379 2267 .
1408 2260 1415 2267 .
1443 2259 1450 2267 .
1480 2231 1570 2279 (et)

225 2281 410 2316 sacerdoti
437 2282 578 2325 Koziol,
604 2293 703 2325 quem
732 2286 837 2316 secut.
867 2280 1116 2326 (praenuntio
1143 2280 1206 2327 et>
1236 2291 1308 2315 sac.
1334 2281 1380 2315 ‘vd
1391 2280 1438 2315 Vl

225 2336 262 2363 ‘22
288 2328 437 2373 hylares
453 2330 508 2373 (φ)
