1611 2516
233 57 409 93 APVLEI
436 55 904 92 METAMORPHOSEON
931 56 1017 91 LIB.
1038 56 1097 91 111.
1128 61 1180 91 15.
1211 60 1264 91 16.
1366 57 1421 99 63

26 133 243 221 aad-meana
280 170 506 219 petulantia
543 170 789 207 committam
821 169 968 219 grande
1001 167 1225 220 flagitium',
1263 172 1302 207 et
1334 130 1450 208 cumE

74 231 180 268 dicto
218 229 384 280 pessulis
421 228 576 267 iniectis
615 230 655 266 et
691 229 833 266 uncino
872 228 1035 266 firmiter
1070 229 1247 266 immisso
1285 229 1340 267 sic
1374 229 1421 267 ad

73 303 133 327 me
170 301 328 327 reuersa
368 289 546 338 colloque
584 301 669 326 meo
702 287 883 325 manibus
916 287 1104 326 ambabus
1136 288 1295 337 inplexa
1326 300 1421 326 uoce

71 349 181 387 tenui
214 351 254 386 et
285 348 494 386 admodum
528 343 760 399 m[e]inuta:
795 343 963 396 ‘paueo’‚
996 347 1139 396 inquit,
1173 344 1228 386 ‘et
1253 347 1421 386 formido

72 408 196 447 solide
237 407 375 446 domus
416 407 533 445 huius
575 409 713 457 operta
755 407 936 457 detegere
978 411 1016 445 et
1057 419 1200 444 arcana
1242 407 1422 445 dominae
1459 415 1474 439 5

18 476 53 503 oo
70 481 180 506 meae
211 467 389 505 reuelare
421 468 581 505 secreta.
644 466 709 504 sed
742 467 882 504 melius
915 466 961 503 de
993 468 1031 503 te
1065 466 1320 516 doctrinaque
1351 468 1422 504 tua

72 539 297 576 praesumo,
348 528 417 576 qui
460 528 617 576 praeter
660 538 889 576 generosam
934 525 1127 564 natalium
1173 526 1421 577 dignitatem,

70 588 229 636 praeter
261 586 426 624 sublime
452 585 656 636 ingenium
683 586 803 624 sacris
829 585 1009 635 pluribus
1036 585 1219 624 initiatus
1245 586 1420 635 profecto

70 646 174 685 nosti
207 647 384 684 sanctam
417 645 565 683 silentii
597 644 724 684 fidem.
787 657 1060 694 quaecumque
1092 645 1230 694 itaque
1263 645 1420 683 commi-

71 718 156 744 sero
188 705 304 744 huius
336 705 512 756 religiosi
544 705 714 754 pectoris
747 705 806 741 tui
835 704 1116 753 penetralibus,
1149 717 1302 753 semper
1326 705 1422 743 haec
1444 713 1476 738 10

69 767 176 803 intra
204 762 208 816 Ι
238 767 465 814 conseptum
505 764 638 802 clausa
676 764 895 812 custodias,
935 776 1015 813 oro,
1054 766 1094 802 et
1126 765 1422 813 simplicitatem

69 824 274 863 relationis
312 837 421 862 meae
460 824 675 862 tenacitate
713 823 1001 862 taciturnitatis
1039 826 1130 862 tuae
1162 837 1421 862 remunerare.

69 897 159 922 nam
199 897 278 934 me,
319 896 418 933 quae
457 884 542 922 sola
578 884 809 921 mortalium
847 884 958 932 noui,
997 896 1107 921 amor
1143 885 1194 934 is,
1233 896 1310 933 quo
1348 883 1422 921 tibi

18 953 51 978 01
71 946 219 992 teneor,
245 943 420 982 indicare
446 943 658 992 compellit.
691 944 772 980 iam
798 943 895 981 scies
921 956 1075 981 omnem
1101 942 1238 982 domus
1264 946 1421 982 nostrae
1442 953 1477 977 48

70 1005 235 1052 statum,
284 1004 365 1041 iam
410 1003 506 1041 scies
551 1015 639 1040 erae
684 1015 792 1040 meae
837 1002 1018 1041 miranda
1062 1005 1229 1052 secreta,
1281 1003 1422 1052 quibus
1445 1012 1475 1038 15

71 1063 290 1101 obaudiunt
338 1075 488 1110 manes,
538 1063 752 1100 turbantur
801 1062 948 1111 sidera,
998 1064 1192 1113 coguntur
1247 1064 1423 1111 numina,

70 1123 248 1161 seruiunt
286 1122 491 1160 elementa.
552 1135 623 1160 nec
660 1134 849 1171 umquam
887 1122 1014 1172 magis
1054 1123 1151 1161 artis
1189 1122 1306 1161 huius
1338 1124 1421 1161 uio-

69 1183 194 1220 lentia
219 1182 373 1231 nititur,
407 1195 526 1231 quam
553 1194 639 1219 cum
667 1181 831 1219 scitulae
858 1182 1052 1220 formulae
1078 1182 1260 1220 iuuenem
1289 1195 1421 1232 quem-

69 1243 177 1291 piam
228 1242 396 1279 libenter
441 1242 610 1291 aspexit,
661 1241 765 1290 quod
810 1241 969 1290 quidem
1014 1242 1049 1278 ei
1093 1241 1194 1280 solet
1237 1241 1424 1280 crebriter

71 1302 237 1340 euenire.
1442 1314 1476 1339 20

158 1361 274 1399 Nunc
313 1361 432 1399 etiam
471 1361 762 1399 adulescentem
801 1361 996 1410 quendam
1028 1360 1240 1399 Boeotium
1273 1373 1422 1400 summe
1445 1365 1493 1401 16

70 1421 254 1459 decorum
293 1420 470 1459 efflictim
502 1420 654 1470 deperit
685 1422 868 1469 totasque
902 1420 997 1458 artis
1029 1433 1181 1469 manus,
1220 1421 1422 1460 machinas

70 1493 203 1519 omnes
230 1480 412 1518 ardenter
439 1483 601 1518 exercet.
665 1480 801 1518 audiui
827 1481 994 1530 uesperi,
1020 1481 1117 1518 meis
1143 1481 1214 1528 his,
1245 1482 1423 1530 inquam,

71 1540 231 1578 auribus
258 1540 408 1588 audiui,
435 1540 538 1589 quod
564 1552 644 1578 non
670 1540 834 1578 celerius
861 1540 919 1577 sol
946 1541 1054 1578 caelo
1074 1540 1220 1578 ruisset
1238 1542 1423 1590 noctique

17 1609 51 1634 02
70 1600 120 1638 ad
157 1599 390 1638 exercendas
427 1599 644 1638 inlecebras
682 1600 837 1649 magiae
875 1601 1069 1638 maturius
1108 1599 1305 1649 cessisset,
1344 1600 1424 1650 ipsi
1443 1607 1476 1632 ‘25

140 1749 168 1782 F
198 1748 293 1784 136¹&
321 1762 349 1794 φ
377 1752 447 1783 34“.
545 1755 561 1783 1
586 1749 745 1795 cpphana
771 1750 830 1794 (φ)
951 1757 969 1784 4
995 1760 1054 1784 me
1080 1749 1191 1784 Inuta
1214 1750 1286 1785 vid.
1307 1751 1424 1794 fuisse

69 1797 124 1841 (in
150 1808 217 1842 my.
244 1796 329 1832 add.
357 1796 379 1830 d
407 1798 450 1841 cf.
474 1797 595 1842 praef.
623 1798 693 1842 34),
719 1809 763 1832 m.
790 1799 965 1833 recentior
990 1809 1080 1833 corr.
1103 1797 1288 1832 diminuta
1313 1798 1420 1841 refict.

64 1845 199 1889 primis
225 1845 291 1879 litt.
344 1858 389 1889 cp:
416 1845 585 1888 meinuta
628 1845 773 1879 minuta
803 1845 884 1880 Oud
904 1847 948 1890 cf.
971 1848 1081 1888 85,24
1126 1845 1312 1879 diminuta
1331 1857 1351 1880 v

70 1899 88 1925 6
114 1893 160 1936 Cf.
181 1895 317 1935 283,18
460 1899 478 1926 8
506 1893 549 1936 cf.
572 1893 666 1936 apol.
689 1895 735 1927 55
755 1894 896 1939 (6220)
1039 1899 1077 1926 10
1102 1893 1173 1928 hoc
1198 1893 1313 1928 Seibel

0 1920 1 1995 i
67 1947 102 1974 11
135 1939 312 1987 <cordis>
347 1941 564 1985 conseptum
596 1940 642 1975 vd
658 1941 708 1976 Vl
849 1947 886 1974 13
916 1940 1053 1975 amoris
1079 1942 1133 1986 (φ,
1166 1942 1207 1975 in
1240 1953 1308 1986 my.
1336 1941 1420 1975 add.

0 1996 1 2002 ¹
69 1995 84 2012 θ

0 2015 1 2018 ’
70 2022 89 2045 c
119 2022 222 2045 amor
246 2010 266 2044 ‘l'
292 2011 427 2046 amoris
452 2011 472 2044 *l
498 2012 633 2046 amoris
652 2011 724 2055 uis)
745 2011 778 2046 is
793 2013 922 2047 indum.
944 2013 992 2047 al.
1012 2025 1057 2047 m.
1111 2011 1223 2059 <uis>
1246 2012 1381 2046 amoris
1401 2024 1422 2048 v

71 2069 176 2093 amor
200 2058 231 2092 is
251 2059 312 2094 He
330 2060 372 2103 cf
399 2060 470 2094 Cic.
491 2060 533 2094 de
552 2064 629 2094 nat.
649 2060 744 2095 deor.
760 2061 808 2094 ΙΙ
820 2062 970 2103 55,137.·
996 2071 1104 2094 sucus
1130 2059 1162 2093 is
1188 2071 1261 2103 quo
1288 2059 1423 2094 alimur

70 2106 112 2141 de
137 2107 208 2141 div.
230 2107 279 2141 II
301 2109 451 2148 66‚135.·
483 2107 594 2142 draco
626 2106 669 2149 is,
703 2118 813 2151 quem
845 2109 964 2142 mater
997 2107 1189 2152 Olympias
1222 2107 1349 2142 alebat
1380 2107 1422 2142 de

71 2153 141 2189 div.
167 2154 219 2188 II
240 2156 314 2196 1,3:
345 2153 440 2189 liber
464 2154 496 2188 is
643 2161 679 2188 15
710 2165 800 2201 *ere
831 2157 920 2200 (non
951 2155 976 2189 h
1006 2156 1112 2200 eras.)
1162 2169 1207 2199 φτ
1240 2155 1328 2190 here

69 2232 106 2259 18
137 2202 227 2259 nitiet
246 2225 303 2270 (φ)
325 2225 390 2259 litt.
411 2226 533 2268 τεῇσι,
559 2226 619 2261 sed
637 2227 793 2270 fuerunt
841 2226 960 2261 utitur
985 2227 1037 2261 ed.
1055 2237 1112 2271 pr.
1245 2233 1282 2260 19
1309 2210 1423 2262 cibri‘t

70 2274 208 2318 (omnia
228 2273 274 2307 ab
295 2273 371 2307 ead.
386 2285 431 2307 m.
445 2274 583 2318 script.)
678 2281 717 2310 22
737 2284 868 2308 manus
891 2274 1066 2321 <strenue
1082 2274 1242 2321 exserit>
1264 2275 1311 2310 vd
1325 2275 1375 2309 Vl

71 2327 108 2354 23
134 2320 274 2355 meisiis
295 2321 350 2365 (φ,
376 2321 416 2355 in
440 2319 589 2355 mei-his
610 2331 699 2356 corr.
726 2333 771 2356 m.
798 2323 880 2367 rec.)
928 2321 1021 2356 meis
1047 2322 1130 2356 istis
1157 2322 1261 2357 Koch
