1611 2516
313 62 489 97 APVLEI
514 61 983 98 METAMORPHOSEON
1009 62 1095 98 LIB.
1117 63 1178 107 ΙΙΙ,
1204 68 1237 99 4.
1258 68 1278 99 5
1414 66 1470 109 55

52 138 122 163 Oud.
1488 138 1515 163 Ε

53 185 104 210 180
121 175 318 225 repressit.
367 188 412 213 ac
443 189 504 213 me
537 174 673 213 statim
705 187 858 224 praeco,
890 176 924 213 si
955 175 1050 225 quid
1083 175 1133 212 ad
1165 188 1211 213 ea
1236 177 1470 226 respondere

50 1196 100 1221 181

47 1614 98 1639 182

118 235 280 283 uellem,
329 234 494 273 iubebat
542 234 726 285 incipere.
789 236 831 273 at
881 247 952 285 ego
1001 235 1100 273 nihil
1143 237 1238 273 tunc
1282 237 1470 285 temporis

121 294 290 343 amplius
335 307 454 344 quam
497 294 588 332 flere
632 296 828 343 poteram,
873 307 951 332 non
995 296 1078 332 tam
1116 294 1291 332 hercules
1336 297 1468 333 trucu-

119 354 268 392 lentam
307 354 598 392 accusationem
635 355 794 391 intuens
833 366 954 403 quam
991 366 1120 391 meam
1158 354 1342 392 miseram
1381 367 1469 393 con-

120 414 337 452 scientiam.
389 413 456 452 sed
486 415 620 451 tamen
652 413 790 451 oborta
815 412 1007 451 diuinitus
1035 413 1199 451 audacia
1228 413 1283 451 sic
1309 414 1358 451 ad
1384 413 1470 452 illa:
1508 423 1523 448 5

213 470 310 511 ‘Nec
341 474 424 522 ipse
456 474 608 524 ignoro,
641 485 761 522 quam
792 473 845 510 sit
873 472 1042 511 arduum
1073 474 1188 510 trinis
1214 473 1361 511 ciuium
1387 485 1469 512 cor-

119 532 282 583 poribus
316 533 503 582 expositis
536 545 637 579 eum,
669 532 737 582 qui
769 531 898 570 caedis
932 534 1133 582 arguatur,
1166 532 1349 582 quamuis
1374 546 1471 571 uera

120 592 228 630 dicat
261 594 300 630 et
331 592 377 630 de
410 593 516 631 facto
549 591 785 630 confiteatur
815 592 933 640 ultro,
965 594 1098 629 tamen
1127 594 1262 630 tantae
1290 592 1470 630 multitu-

120 651 222 700 dini,
272 651 377 701 quod
427 653 476 689 sit
522 651 727 699 innocens,
776 651 1021 700 persuadere.
1085 654 1141 689 set
1190 651 1223 689 si
1267 652 1471 701 paulisper

121 711 363 749 audientiam
404 706 644 763 publica[m]
690 711 788 748 mihi
830 710 1016 749 tribuerit
1052 711 1297 759 humanitas,
1341 705 1469 765 facille
1490 721 1523 745 10

118 783 189 809 uos
228 771 395 809 edocebo
434 784 495 808 me
533 770 742 809 discrimen
780 770 921 819 capitis
959 783 1037 808 non
1075 783 1160 809 meo
1198 772 1358 819 merito,
1402 771 1470 809 sed

119 830 370 869 rationabilis
406 830 692 881 indignationis
733 833 879 868 euentu
908 831 1074 869 fortuito
1105 832 1262 869 tantam
1294 831 1469 869 criminis

118 890 313 928 inuidiam
343 891 491 928 frustra
522 890 728 928 sustinere.

208 949 312 987 Nam
345 962 433 988 cum
459 962 482 987 a
508 962 604 988 cena
628 962 689 987 me
717 949 839 987 serius
866 950 1072 998 aliquanto
1097 950 1322 999 reciperem,
1354 952 1468 1000 potu-
1495 957 1518 992 5

119 1010 248 1047 lentus
300 1009 493 1059 alioquin,
538 1009 642 1059 quod
686 1010 803 1059 plane
846 1022 984 1046 uerum
1028 1009 1175 1047 crimen
1218 1023 1347 1047 meum
1391 1023 1469 1048 non
1490 1019 1522 1045 15

120 1068 335 1117 diffitebor,
374 1071 466 1107 ante
502 1069 610 1118 ipsas
650 1069 754 1107 fores
792 1068 956 1118 hospitii
988 1090 1042 1094 —
1077 1069 1126 1106 ad
1157 1069 1303 1108 bonum
1336 1072 1469 1108 autem

120 1128 307 1167 Milonem
345 1129 472 1167 ciuem
509 1132 688 1167 uestrum
727 1128 891 1167 deuorto
926 1149 981 1154 —
1013 1128 1127 1167 uideo
1164 1128 1353 1178 quosdam
1385 1142 1468 1168 sae-

119 1188 302 1227 uissimos
333 1183 345 1242 Η
370 1189 544 1226 latrones
588 1188 742 1226 aditum
785 1190 1025 1238 temptantes
1070 1190 1108 1226 et
1150 1188 1287 1228 domus
1329 1189 1468 1228 ianuas

119 1248 342 1286 cardinibus
382 1247 548 1286 obtortis
587 1248 755 1286 euellere
794 1249 1006 1298 gestientes
1045 1248 1306 1298 claustrisque
1344 1249 1468 1288 omni-

117 1307 207 1355 bus,
247 1320 347 1357 quae
386 1307 681 1346 accuratissime
720 1307 847 1346 adfixa
881 1308 1057 1356 fuerant,
1095 1308 1290 1346 uiolenter
1322 1309 1469 1347 euulsis
1489 1317 1522 1342 20

118 1379 248 1406 secum
298 1368 378 1405 iam
423 1367 469 1405 de
512 1367 824 1405 inhabitantium
869 1367 988 1405 exitio
1033 1367 1304 1406 deliberantes.
1366 1381 1468 1406 unus

118 1426 287 1477 denique
326 1429 365 1465 et
401 1439 520 1465 manu
558 1428 780 1476 promptior
818 1428 856 1464 et
887 1440 1049 1477 corpore
1083 1428 1235 1466 uastior
1265 1428 1326 1466 his
1359 1428 1467 1467 adfa-

117 1487 223 1524 tibus
268 1489 308 1524 et
351 1488 499 1525 ceteros
541 1486 753 1524 incitabat:
797 1485 916 1525 “heus
959 1488 1090 1536 pueri,
1136 1499 1254 1536 quam
1292 1487 1467 1526 maribus
1488 1497 1523 1522 42

119 1546 260 1584 animis
286 1548 326 1584 et
351 1546 504 1584 uiribus
532 1546 727 1585 alacribus
753 1546 989 1585 dormientes
1012 1546 1301 1597 adgrediamur.
1341 1548 1467 1586 omnis

118 1607 328 1655 cunctatio,
353 1605 517 1656 ignauia
544 1606 670 1644 omnis
695 1606 867 1645 facessat
886 1619 906 1644 e
923 1607 1100 1656 pectore:
1126 1606 1262 1645 stricto
1282 1620 1467 1646 mucrone
1487 1615 1520 1642 25

116 1678 188 1715 per
229 1667 357 1703 totam
395 1665 552 1704 domum
591 1665 728 1704 caedes
767 1665 952 1704 ambulet.
1016 1666 1086 1715 qui
1123 1666 1273 1715 sopitus
1310 1667 1468 1715 iacebit,

116 1725 352 1773 trucidetur3
392 1725 460 1774 qui
496 1737 718 1776 repugnare
749 1725 1017 1775 temptauerit,
1049 1726 1226 1764 feriatur.
1278 1727 1333 1765 sic
1365 1727 1469 1765 salui

213 1850 240 1884 F
262 1853 355 1886 135⁸.
383 1851 458 1886 32¹¹.
578 1857 594 1885 1
619 1850 840 1896 respondere
867 1852 950 1897 (vid.
977 1851 1089 1896 fuisse
1114 1853 1166 1894 re,
1190 1851 1252 1887 sed
1271 1854 1285 1861 “
1312 1852 1418 1896 eras.)

117 1904 135 1931 3
166 1897 211 1942 cf.
239 1901 371 1941 190,19
516 1905 534 1932 6
566 1898 777 1945 (inquam)
810 1910 922 1943 quam
953 1899 1068 1934 vdVl.
1215 1899 1264 1945 7s'8
1294 1899 1465 1943 quamuis

116 1956 206 1980 uera
239 1945 340 1980 dicat
366 1950 449 1990 post
481 1945 579 1980 ultro
604 1951 783 1992 transpos.
810 1947 857 1982 vd
867 1948 915 1982 Vl
1057 1953 1076 1980 9
1102 1946 1151 1982 fic
1177 1947 1235 1992 (φ)
1260 1958 1324 1982 em.
1350 1959 1371 1982 v

118 1992 317 2039 psuaderes
339 2004 383 2028 ea
410 1993 438 2027 si
463 1995 520 2038 (φ)
547 1993 612 2028 sed
638 2006 657 2029 υ
685 1996 741 2029 set
767 1997 822 2029 He
918 2001 954 2028 10
980 1993 1131 2040 publica
1158 1996 1214 2039 (φ)
1240 2005 1303 2030 em.
1334 1994 1467 2030 Gruter

117 2040 161 2085 ef.
195 2043 278 2084 57,4
421 2041 634 2076 humanitas
667 2041 850 2089 <uestra>
883 2043 936 2077 ecl.
970 2043 1058 2077 Bas.
1209 2048 1243 2075 11
1275 2041 1464 2088 (mereri)

116 2088 248 2123 merito
270 2088 405 2124 Purser
430 2089 562 2123 merita
587 2093 629 2123 ut
653 2090 738 2132 vid„
764 2090 824 2125 sed
849 2091 934 2125 olim
961 2100 983 2124 a
1002 2090 1072 2125 vid.
1093 2090 1135 2124 in
1155 2100 1175 2124 0
1195 2100 1285 2125 corr.
1304 2091 1419 2134 fuisse

118 2149 161 2180 ‹pz
187 2136 318 2170 merito
459 2136 642 2182 (subire)
669 2138 733 2171 sed
760 2138 886 2173 Rohde
1028 2144 1065 2171 12
1091 2138 1228 2172 euentu
1255 2139 1310 2182 (φ)
1332 2141 1416 2182 post
1440 2150 1464 2171 u

118 2195 207 2218 eras.
236 2183 253 2217 s
392 2184 490 2218 tanti
516 2185 640 2220 Rohde
669 2186 747 2220 coll.
775 2188 881 2227 54,19
1025 2191 1063 2219 28
1089 2184 1186 2232 (se)
1213 2186 1250 2219 et
1275 2186 1371 2220 Hild

117 2231 223 2275 pueri
243 2233 316 2274 qua
332 2243 396 2266 em.
410 2243 454 2266 ex
466 2242 558 2276 puer
570 2232 700 2275 inqua,
719 2234 780 2268 sed
794 2234 878 2267 olim
892 2233 933 2267 in
946 2244 1013 2279 my.
1031 2233 1131 2268 lectio
1145 2233 1335 2268 emendata
1348 2234 1463 2267 addit.

118 2282 206 2321 erat,
226 2279 329 2313 cuius
347 2279 441 2313 nihil
459 2280 535 2314 iam
554 2285 707 2323 apparet
756 2294 801 2324 cp:
827 2280 934 2325 pueri
953 2280 1075 2324 inquit
1094 2279 1271 2324 maiorib:
1375 2280 1464 2324 quin

126 2325 263 2360 Wower
282 2327 326 2369 cf.
343 2328 423 2369 77‚1
444 2329 552 2369 116,6
572 2330 704 2370 118,24
812 2335 850 2361 25
870 2327 1022 2362 facesset
1041 2329 1099 2372 (φ)
1118 2339 1181 2363 em.
1194 2340 1216 2363 v
1229 2328 1274 2371 cf.
1284 2328 1404 2373 praef.
1419 2331 1465 2363 43
