1657 2526
257 87 431 122 APVLEI
456 85 924 121 METAMORPHOSEON
951 85 1037 119 LIB.
1061 85 1120 128 Vl,
1147 88 1201 119 29.
1231 88 1274 119 30
1363 84 1442 125 151

27 161 95 187 Oud.
1461 158 1486 182 E

96 201 277 252 gloriosa.
322 213 415 238 nam
440 200 671 237 memoriam
697 198 915 248 praesentis
942 198 1124 235 fortunae
1144 210 1253 235 meae
1273 197 1447 235 diuinae-

97 274 171 309 que
204 259 478 309 prouidentiae
512 261 703 308 perpetua
733 259 946 295 testatione
984 256 1149 307 signabo
1182 259 1221 294 et
1253 256 1448 305 depictam

96 322 136 358 in
177 319 316 357 tabula
354 319 472 368 fugae
513 317 731 366 praesentis
769 317 983 366 imaginem
1023 328 1132 353 meae
1171 316 1308 354 domus
1348 317 1449 353 atrio

96 379 295 417 dedicabo.
366 379 520 416 uisetur
569 380 608 415 et
650 378 691 414 in
741 377 884 414 fabulis
934 376 1118 413 audietur
1167 375 1449 423 doctorumque
1473 385 1520 408 115

98 439 200 477 stilis
244 438 354 476 rudis
402 437 704 487 perpetuabitur
746 436 915 474 historia
953 432 1088 473 “asino
1133 437 1291 472 uectore
1335 435 1448 485 uirgo
1469 448 1484 473 5

95 500 205 549 regia
238 498 393 547 fugiens
420 491 729 545 captivitatem&
764 495 923 533 accedes
950 495 1124 543 antiquis
1152 497 1191 532 et
1222 495 1306 543 ipse
1332 495 1448 531 mira-

23 568 76 593 440
96 557 205 605 culis,
248 560 287 594 et
319 557 397 594 iam
431 556 631 594 credemus
664 556 840 604 exemplo
879 557 970 592 tuae
1003 554 1184 592 ueritatis
1217 556 1255 591 et
1288 553 1449 591 Frixum

95 617 212 655 arieti
245 618 522 665 supernatasse
561 617 599 652 et
638 615 826 652 Arionem
866 614 1095 663 delphinum
1135 614 1373 664 gubernasse
1411 614 1450 650 et

94 677 294 725 Europam
337 677 452 713 tauro
497 675 789 724 supercubasse.
853 674 996 726 quodsi
1039 686 1130 710 uere
1169 673 1320 721 Iupiter
1363 686 1448 709 mu-

93 737 196 787 giuit
226 737 268 773 in
300 730 500 786 boue[m],
539 737 670 783 potest
710 735 751 771 in
790 735 901 771 asino
940 746 1026 771 meo
1064 734 1187 771 latere
1227 732 1353 781 aliqui
1385 733 1447 769 uel
1471 746 1503 770 ιο

94 796 228 834 uultus
260 795 430 832 hominis
462 795 526 832 uel
559 795 678 832 facies
711 789 901 831 deorum?

24 865 77 890 441
186 855 291 893 Dum
322 855 418 892 haec
451 854 665 892 identidem
697 853 830 902 puella
868 853 1035 901 replicat
1073 852 1257 901 uotisque
1295 851 1449 889 crebros

94 915 337 953 intermiscet
382 915 613 962 suspiritus,
656 913 704 951 ad
744 913 942 962 quoddam
980 913 1232 961 peruenimus
1269 912 1449 959 trinium,

94 975 195 1012 unde
227 987 289 1012 me
322 973 485 1023 adrepto
519 975 690 1022 capistro
731 973 899 1022 dirigere
933 972 1179 1010 dextrorsum
1211 984 1449 1022 magnopere

95 1034 301 1086 gestiebat,
340 1033 445 1082 quod
490 1033 538 1070 ad
581 1036 766 1082 parentes
811 1033 894 1070 eius
933 1045 978 1069 ea
1020 1031 1169 1069 scilicet
1206 1032 1330 1068 iretur
1371 1031 1447 1068 uia.
1471 1043 1502 1068 15

94 1094 162 1132 sed
195 1106 266 1144 ego
293 1105 439 1143 gnarus
465 1094 640 1130 latrones
673 1093 764 1129 illac
797 1092 846 1130 ad
871 1092 1047 1140 reliquas
1073 1102 1312 1129 commeasse
1338 1103 1448 1139 prae-

95 1154 177 1201 das,
220 1153 419 1191 renitebar
462 1152 627 1190 firmiter
668 1155 787 1200 atque
833 1152 888 1189 sic
926 1151 966 1187 in
1009 1152 1140 1188 animo
1182 1163 1268 1187 meo
1307 1151 1449 1188 tacitus

96 1212 413 1262 expostulabam:
442 1209 554 1260 ‘quid
581 1212 697 1259 facis,
729 1211 867 1249 infelix
899 1209 1060 1259 puella?
1099 1210 1193 1258 quid
1226 1208 1339 1259 agis?
1382 1222 1450 1247 cur

95 1272 260 1311 festinas
294 1272 344 1310 ad
367 1270 536 1309 Orcum?
578 1271 672 1320 quid
703 1273 801 1309 meis
832 1270 998 1319 pedibus
1031 1267 1169 1319 (uim)
1202 1269 1328 1307 facere
1361 1282 1449 1307 con-

95 1331 252 1370 tendis?
302 1344 379 1368 non
413 1333 516 1369 enim
549 1333 587 1368 te
620 1332 794 1379 tantum,
833 1343 971 1367 uerum
1003 1330 1124 1367 etiam
1156 1342 1217 1366 me
1249 1328 1448 1378 perditum
1471 1342 1504 1367 20

94 1388 197 1430 ibis.’
261 1391 315 1430 sic
359 1404 430 1429 nos
476 1391 631 1429 diuersa
674 1390 879 1428 tendentes
925 1392 963 1427 et
1007 1391 1046 1426 in
1087 1401 1204 1427 causa
1247 1388 1360 1426 finali
1404 1388 1450 1426 de

95 1451 337 1501 proprietate
388 1451 480 1497 soli,
530 1452 650 1488 immo
701 1452 789 1487 uiae
840 1449 1119 1487 herciscundae
1171 1448 1449 1486 contendentes

94 1506 257 1564 rapijnis
289 1512 368 1548 suis
402 1512 534 1548 onusti
573 1523 706 1548 coram
743 1509 1043 1558 deprehendunt
1080 1510 1158 1557 ipsi
1198 1508 1371 1546 latrones
1412 1511 1450 1545 et

95 1571 146 1609 ad
177 1571 293 1608 lunae
326 1570 574 1619 splendorem
606 1571 687 1607 iam
719 1569 809 1606 inde
847 1569 1005 1618 longius
1039 1568 1218 1618 cognitos
1250 1569 1335 1605 risu
1367 1580 1447 1605 ma-

94 1631 203 1680 ligno
236 1630 429 1677 salutant,
468 1632 506 1667 et
543 1642 642 1667 unus
676 1643 694 1665 e
727 1641 890 1666 numero
929 1628 983 1666 sic
1016 1628 1211 1677 appellat:
1245 1624 1446 1676 equorsum
1468 1626 1520 1662 30

95 1691 215 1728 istam
248 1688 453 1727 festinanti
477 1689 647 1739 uestigio
674 1688 891 1726 lucubratis
919 1688 1027 1725 uiam
1052 1700 1123 1725 nee
1148 1688 1275 1725 noctis
1308 1688 1449 1724 intem·
1471 1700 1503 1724 26

96 1751 230 1799 pastae
271 1749 407 1787 Manes
446 1748 677 1798 Larvasque
719 1746 970 1785 formidatis?
1023 1760 1072 1785 an
1110 1749 1172 1794 tu,
1213 1747 1450 1796 probissima

192 1923 218 1956 F
247 1922 342 1956 153b.
384 1937 411 1966 φ
439 1926 511 1957 48³.
669 1926 690 1955 4
726 1921 866 1956 fauulis
895 1923 932 1966 (u
963 1933 1052 1956 corr.
1089 1922 1127 1955 ίη
1158 1920 1182 1955 b
1215 1921 1262 1955 al.
1296 1921 1355 1964 m.)

98 1975 118 2005 5
139 1970 242 2004 rudis
263 1971 426 2005 ianoe-a
470 1970 568 2015 iugis
590 1970 631 2004 cle
642 1971 745 2014 Rooy
766 1969 921 2003 eruditis
937 1970 1051 2003 Hertz
1198 1971 1215 2001 7
1239 1966 1314 2002 etia
1335 1969 1392 2011 (φ)
1414 1969 1451 2001 et

97 2018 171 2052 ian]
188 2019 316 2053 Petsch
399 2022 418 2051 8
434 2018 614 2062 delphini}
629 2018 682 2062 (in
695 2029 764 2063 my.
781 2017 857 2052 ead.
873 2028 917 2051 m.
929 2017 1013 2051 add.
1029 2018 1090 2059 no)
1141 2030 1183 2060 φε
1207 2015 1384 2059 delphino

102 2070 145 2100 10
172 2066 211 2099 in
237 2066 332 2100 boue
359 2067 414 2110 (cp)
440 2066 479 2099 in
505 2065 601 2100 boue
633 2066 685 2100 ‘cel
717 2065 756 2098 in
782 2065 917 2098 bouem
950 2063 1229 2109 (reformatus)
1257 2063 1368 2106 Luetj
1404 2064 1449 2106 cf.

103 2114 271 2149 Octaviae
292 2124 321 2147 v.
342 2116 504 2148 207.772
607 2114 731 2158 potest
757 2112 851 2159 (et)
880 2113 1006 2147 Peisch
1111 2116 1152 2146 12
1175 2113 1219 2154 ef.
1242 2113 1349 2152 5219

101 2165 142 2196 17
160 2161 273 2202 cacit;
289 2172 350 2195 em.
362 2175 387 2205 φ
482 2164 523 2195 19
535 2160 650 2207 <me>
660 2160 752 2194 meis
763 2161 931 2194 Bursian
956 2158 1258 2205 pedibus<uim>
1270 2159 1394 2194 Rohde

100 2213 143 2242 22
170 2208 410 2243 herciscunde
437 2209 496 2253 (al.
521 2220 562 2242 m.
586 2209 724 2251 retinax,
749 2208 810 2242 sed
835 2208 911 2250 fuit
936 2208 1045 2249 idem,
1072 2208 1113 2240 in
1133 2219 1200 2252 my.
1222 2207 1269 2241 αῖ.
1290 2218 1335 2240 m.
1357 2205 1450 2240 idem

99 2257 198 2297 add.)
250 2270 294 2300 cp:
314 2255 546 2290 hirciscunde
574 2257 627 2300 (in
653 2267 720 2300 my.
748 2254 1000 2299 herciscunda)
1125 2258 1167 2288 27
1195 2253 1359 2296 Ιατῢειΐᾳς
1387 2253 1448 2297 (al.

98 2316 143 2339 m.
171 2306 275 2347 corr.)
374 2305 414 2337 at
438 2304 545 2346 relic-t.
597 2317 641 2346 cp:
670 2313 717 2336 an
780 2303 841 2337 ain
868 2303 1042 2348 Plasbergy
1106 2303 1235 2337 Vlietz'i
1260 2301 1450 2336 adnotatio

100 2352 142 2386 de
168 2353 235 2387 lae.
265 2353 302 2386 in
331 2365 357 2396 φ
378 2362 534 2395 prorsus
554 2362 726 2395 perversa
