1611 2516
255 57 430 92 APVLEI
455 56 922 92 METAMORPHOSEON
948 57 1034 92 LIB.
1056 57 1134 101 IIII,
1162 61 1215 92 19.
1243 61 1288 92 20
1386 58 1441 100 89

27 131 95 156 Oud.
1463 133 1490 157 Ε

24 173 76 198 ²81
96 170 246 208 scilicet
277 166 393 220 (uel)
425 169 619 208 diuinitus
653 169 852 218 inquietus
884 170 1080 218 proserpit
1112 169 1253 208 leniter
1278 170 1443 219 uisaque

95 229 234 277 bestia,
279 242 378 278 quae
419 229 540 267 libere
582 229 803 267 discurrens
845 230 942 266 totis
984 229 1144 267 aedibus
1186 229 1442 277 commeabat,

95 300 276 338 premens
320 289 507 326 obnixum
550 288 751 326 silentium
793 288 1006 338 uestigium
1045 301 1160 326 suum
1198 288 1366 338 replicat
1404 292 1443 326 et

95 351 310 397 utcumque
348 343 510 386 cunctis
548 348 588 385 in
626 347 742 385 domo
780 347 869 386 uisa
905 348 1151 396 pronuntiat.
1214 360 1283 386 nec
1321 360 1443 396 mora,

96 420 185 445 cum
216 419 447 446 numerosae
479 407 654 444 familiae
686 407 911 456 frequentia
937 406 1074 445 domus
1100 409 1187 445 tota
1212 407 1442 456 completur.
1463 411 1477 436 5

94 466 235 514 taedis,
267 466 448 514 lucernis,
479 468 610 515 cereis,
643 466 807 504 sebaciis
839 468 878 504 et
911 467 1048 504 ceteris
1075 467 1256 504 nocturni
1282 467 1442 504 luminis

94 526 366 565 instrumentis
406 526 626 564 clarescunt
666 525 861 563 tenebrae.
923 537 994 564 nec
1031 527 1191 565 inermis
1231 525 1443 575 quisquam

95 585 141 623 de
173 587 286 623 tanta
319 587 433 634 copia
464 586 666 635 processit,
699 585 765 623 sed
798 585 946 635 singuli
973 585 1156 633 fustibus,
1188 585 1346 632 lanceis,
1377 585 1443 623 de-

94 645 242 683 strictis
274 645 443 694 denique
475 644 618 696 gladiis
651 645 796 683 armati
827 645 1011 682 muniunt
1043 645 1184 683 aditus.
1236 657 1306 683 nec
1332 657 1442 682 secus

95 716 210 742 canes
243 705 364 742 etiam
396 706 601 742 uenaticos
634 704 784 742 auritos
816 704 907 743 illos
935 708 973 742 et
998 704 1237 743 horricomes
1265 704 1314 742 ad
1339 717 1442 743 com-
1463 715 1496 740 10

93 763 338 813 primendam
364 763 533 802 bestiam
560 764 826 802 cohortantur.
871 766 966 802 tunc
991 776 1063 813 ego
1087 765 1230 802 sensim
1253 764 1444 814 gliscente
1464 767 1514 802 20

94 823 221 861 adhuc
246 823 317 861 illo
342 823 518 861 tumultu
543 823 764 874 retrogradi
791 824 887 873 fuga
912 822 1028 861 domo
1049 823 1211 871 facesso,
1238 824 1304 862 sed
1325 823 1442 873 plane

94 882 399 930 Thrasyleonem
449 884 546 921 mire
596 882 760 921 canibus
806 885 1114 933 repugnantem,
1163 884 1292 921 latens
1342 895 1442 932 pone

93 944 252 980 ianuam
296 942 398 991 ipse,
442 943 649 992 prospicio.
713 954 953 992 quamquam
1005 944 1109 980 enim
1158 944 1266 980 uitae
1316 945 1441 980 metas

94 1001 256 1039 ultimas
299 1001 436 1051 obiret,
480 1015 558 1040 non
583 997 594 1054 li
620 1005 752 1040 tamen
798 1002 859 1040 sui
902 1003 1106 1051 nostrique
1144 1003 1208 1040 uel
1246 1002 1440 1051 pristinae
1461 1010 1494 1036 15

93 1061 256 1098 uirtutis
295 1060 442 1099 oblitus
479 1063 557 1099 iam
597 1059 835 1112 fa<u>cibus
873 1062 970 1110 ipsis
1008 1061 1156 1100 hiantis
1196 1061 1354 1099 Cerberi
1386 1075 1444 1100 re·

93 1120 283 1159 luctabat.
346 1133 526 1159 scaenam
560 1120 739 1170 denique,
771 1134 890 1170 quam
922 1123 1060 1170 sponte
1087 1123 1322 1171 sumpserat,
1354 1133 1442 1159 cum

21 1186 75 1211 282
95 1181 229 1218 anima
272 1181 445 1218 retinens
489 1193 591 1218 nunc
632 1181 802 1231 fugiens,
842 1193 945 1218 nunc
982 1182 1168 1219 resistens
1206 1182 1329 1219 uariis
1362 1193 1443 1219 cor·

93 1240 199 1288 poris
231 1241 294 1278 sui
326 1240 492 1278 schemis
525 1253 569 1277 ac
600 1240 772 1278 motibus
804 1240 967 1278 tandem
993 1240 1108 1279 domo
1134 1241 1345 1290 prolapsus
1372 1243 1442 1278 est.

92 1311 163 1337 nec
206 1301 356 1347 tamen,
401 1301 582 1349 quamuis
626 1299 785 1349 publica
828 1300 980 1349 potitus
1024 1299 1226 1348 libertate,
1271 1300 1441 1338 salutem
1463 1309 1497 1334 2⁰

93 1359 188 1410 fuga
230 1371 420 1408 quaerere
461 1361 603 1408 potuit.
667 1359 812 1409 quippe
855 1361 988 1397 cuncti
1028 1372 1142 1397 canes
1185 1359 1231 1397 de
1264 1361 1443 1409 proximo

93 1419 306 1469 angiportu
349 1419 447 1456 satis
491 1419 566 1457 feri
609 1420 783 1468 satisque
828 1420 976 1468 copiosi
1013 1419 1207 1458 uenaticis
1243 1419 1338 1467 illis,
1376 1420 1446 1468 qui

93 1478 340 1515 commodum
386 1478 501 1516 domo
549 1478 733 1516 similiter
776 1479 1025 1527 insequentes
1071 1480 1360 1528 processerant,
1404 1491 1444 1516 se

94 1533 393 1589 ommisce[u]nt
419 1539 664 1588 agminatim.
705 1538 888 1576 miserum
915 1539 1191 1587 funestumque
1219 1541 1441 1587 spectamen

93 1676 197 1718 infra
229 1675 312 1709 add.
347 1675 421 1710 alio
453 1677 669 1719 atramento)
744 1690 788 1719 cp:
822 1675 971 1721 strepit⁹
1002 1675 1073 1710 scii
1098 1687 1161 1711 em.
1188 1688 1208 1711 ν
1242 1675 1357 1722 (uel)
1386 1677 1445 1711 He

93 1724 138 1765 cf.
166 1725 272 1764 72‚19
298 1725 408 1765 190‚7
441 1723 544 1769 (an)
579 1723 668 1758 Voss
704 1723 728 1765 ζ
733 1723 861 1758 audito
897 1723 985 1770 uel>
1023 1724 1124 1758 rclVl
1173 1724 1333 1768 strepitu
1365 1723 1442 1758 scil.

95 1769 241 1804 diutino
280 1770 433 1806 Steweeh
482 1772 594 1815 strep.
628 1770 706 1805 scil.
739 1771 806 1805 del.
828 1772 966 1806 Wouer
996 1771 1181 1816 insopitus
1229 1782 1277 1805 sc.
1306 1770 1381 1806 diu.
1408 1773 1445 1806 et

92 1817 168 1861 inq.
196 1818 322 1853 Rohde
418 1820 462 1862 cf.
491 1819 599 1853 Hom.
624 1819 688 1854 Od.
710 1820 773 1853 IX
793 1822 864 1854 339

190 1888 217 1922 F
240 1889 352 1924 141212.
380 1904 406 1934 φ
429 1892 499 1924 38⁸³.
623 1891 672 1923 3'4
699 1892 743 1934 cf.
771 1893 857 1933 82,7
968 1897 986 1924 ο
1014 1890 1129 1924 aditis
1151 1892 1205 1935 (φ,
1231 1889 1316 1925 add.
1344 1875 1363 1924 ἓ
1387 1890 1449 1924 tus

96 1937 140 1971 ab
169 1936 214 1971 al.
243 1937 302 1980 m.)
447 1937 550 1972 secus
578 1939 634 1982 (φ)
667 1949 685 1972 c
712 1949 801 1973 corr.
828 1939 869 1972 i‘n
901 1937 931 1972 ti
962 1938 1009 1973 al.
1043 1950 1087 1972 m„
1232 1945 1269 1971 10
1300 1937 1330 1972 &
1362 1949 1384 1972 a
1409 1940 1445 1982 (a

94 1984 248 2024 induet.)
291 1998 335 2028 qe:
363 1983 393 2018 ἂι
490 1992 523 2018 11
550 1984 749 2030 gliscente*
778 1986 809 2030 (s
831 1997 874 2020 ex
899 1997 918 2020 c
944 1986 1022 2021 ead.
1049 1998 1094 2020 m.
1120 1986 1191 2029 effi,
1217 1997 1306 2021 eras.
1333 1986 1444 2029 vids)

95 2045 140 2076 tp:
167 2031 325 2076 gliscfite
470 2039 505 2066 12
531 2033 640 2067 domo
667 2035 723 2078 (φ)
744 2045 814 2078 pro
841 2046 876 2067 m
902 2035 1105 2078 scripturus
1129 2035 1244 2077 fuisse
1263 2034 1334 2068 vid.
1361 2033 1374 2066 1

94 2086 130 2112 13
149 2078 374 2114 thrasileone
470 2087 506 2114 16
527 2080 644 2122 faeib;
672 2084 727 2125 (φ)
753 2094 814 2116 em.
844 2093 862 2115 v
958 2082 1028 2120 17f⁸8
1051 2092 1080 2115 c.
1103 2081 1227 2115 anima
1253 2082 1276 2115 i.
1304 2093 1330 2116 e.
1358 2082 1444 2116 dum

93 2140 212 2183 spirat
237 2140 280 2182 cf.
304 2141 410 2181 90,14
555 2146 593 2173 23
620 2130 742 2174 ciuilit
767 2142 819 2185 (in
846 2152 914 2186 my.
942 2153 986 2174 m.
1008 2145 1071 2195 ret.
1099 2131 1239 2183 similit,
1266 2141 1370 2185 quod.
1398 2152 1442 2175 m.

94 2199 268 2233 recentior
293 2199 401 2233 etiam
433 2199 474 2232 in
506 2202 605 2233 textu
635 2201 807 2243 reposuit)
859 2212 903 2244 φτ
930 2199 1060 2234 similit
1179 2211 1338 2244 process,
1363 2204 1445 2244 post

95 2245 204 2280 domo
224 2250 403 2289 transpos.
428 2246 530 2281 rclVl
625 2247 715 2280 23'24
741 2247 799 2281 se*
827 2247 1068 2282 ommisceunt
1087 2250 1190 2293 (eras.
1213 2248 1249 2292 d)
1300 2262 1343 2291 ‹pz
1372 2247 1443 2282 sese

95 2301 312 2354 ommiscgnt
344 2301 377 2360 (u
389 2318 435 2351 al.
459 2329 503 2353 m.
524 2317 623 2357 add„
648 2320 689 2352 in
714 2330 781 2367 my.
811 2319 858 2353 al.
887 2330 929 2353 m.
957 2303 975 2353 ἓ
1002 2319 1193 2365 9miseent)
1243 2329 1281 2352 se
1308 2318 1442 2355 obmis-
