1611 2516
241 40 415 75 APVLEI
439 40 903 76 METAMORPHOSEON
928 40 1114 84 LIB.1111‚
1142 45 1280 77 16-18
1378 43 1431 85 87

21 113 89 139 Oud.
1436 117 1462 141 E

19 163 71 187 275

15 579 68 605 27⁶

15 995 66 1021 277

91 153 351 193 adnumerari.
419 154 530 200 tunc,
571 156 614 191 ut
658 154 814 192 nouitas
859 153 1063 192 consueuit
1112 154 1161 191 ad
1210 156 1434 204 repentinas

89 213 262 251 uisiones
288 214 440 251 animos
465 213 667 250 hominum
693 213 850 262 pellere,
882 213 998 250 multi
1023 226 1184 251 numero
1210 214 1436 253 mirabundi

89 272 254 311 bestiam
275 271 533 320 confluebant,
553 285 721 321 quorum
743 273 838 310 satis
860 272 1049 310 callenter
1068 274 1240 311 curiosos
1254 275 1434 322 aspectus

90 332 330 380 Thrasyleon
379 332 512 370 noster
561 331 711 381 impetu
755 333 901 370 minaci
945 332 1171 380 frequenter
1212 332 1434 381 inhibebat3

89 403 336 440 consonaque
368 390 513 428 ciuium
545 403 641 429 uoce
675 393 770 429 satis
803 391 896 429 felix
930 403 974 429 ac
1005 391 1144 429 beatus
1172 391 1433 430 Demochares
1472 400 1486 425 5

88 451 154 488 ille
192 462 307 499 saepe
346 450 581 501 celebratus,
619 450 724 500 quod
762 453 851 500 post
888 452 1041 488 tantam
1081 451 1232 489 cladem
1262 452 1434 490 ferarum

87 523 189 548 nouo
234 511 428 559 prouentu
473 522 628 559 quoquo
674 510 788 548 modo
832 506 1016 548 fortunae
1057 511 1274 559 resisteret,
1323 510 1435 549 iubet

87 569 296 608 noualibus
329 570 407 608 suis
440 569 646 608 confestim
678 569 842 608 bestiam
877 566 971 621 [iret
1001 566 1127 621 iubet]
1161 583 1313 609 summa
1345 584 1435 609 cum

87 629 294 679 diligentia
326 628 536 677 deportari.
599 629 665 667 sed
697 630 911 678 suscipiens
946 642 1034 679 ego:

174 683 384 737 “Caueas'',
416 688 591 737 inquam,
623 685 815 737 “domine‚
847 688 1064 739 fraglantia
1096 689 1188 727 solis
1216 691 1255 727 et
1280 689 1433 728 itineris
1455 695 1501 731 17

86 749 214 797 spatio
246 748 457 798 fatigatam
491 749 622 786 coetui
653 749 868 786 multarum
901 751 950 797 et,
982 751 1028 786 ut
1060 748 1187 798 audio,
1222 761 1299 787 non
1329 751 1434 787 recte
1455 758 1486 781 11

86 808 304 846 ualentium
344 808 587 845 committere
626 808 812 845 ferarum.
874 809 967 857 quin
1007 809 1141 858 potius
1173 808 1310 848 domus
1342 810 1435 847 tuae

85 868 266 917 patulum
304 879 349 905 ac
381 867 623 916 perflabilem
655 867 796 916 locum,
835 867 954 906 immo
988 869 1027 906 et
1058 868 1146 905 lacu
1179 868 1313 917 aliquo
1346 881 1434 907 con-

84 927 296 964 terminum
323 927 700 976 refrigerantemque
719 926 939 976 prospicis?
972 939 1021 964 an
1041 928 1200 978 ignoras
1220 929 1293 966 hoc
1313 941 1434 979 genus

85 986 233 1024 bestiae
265 986 372 1024 lucos
405 986 576 1024 consitos
609 988 647 1024 et
679 999 814 1036 specus
847 987 999 1025 roridos
1032 989 1071 1024 et
1099 987 1224 1025 fontes
1251 1000 1434 1026 amoenos
1456 995 1488 1021 15

86 1058 238 1095 semper
267 1041 503 1083 incubare?⁷'

175 1105 339 1143 Talibus
377 1105 538 1143 monitis
577 1105 838 1144 Demochares
876 1106 1110 1155 perterritus
1149 1119 1434 1156 numerumque

85 1165 329 1214 perditorum
367 1177 497 1203 secum
534 1177 738 1203 recensens
779 1178 857 1203 non
896 1165 1111 1204 difficulter
1149 1166 1351 1212 adsensus,
1391 1169 1435 1204 ut
1455 1176 1489 1200 67

86 1237 130 1262 ex
157 1224 321 1262 arbitrio
347 1226 482 1262 nostro
509 1237 669 1263 caueam
696 1225 928 1273 locaremus,
959 1225 1076 1264 facile
1102 1226 1292 1275 permisit.
1343 1223 1435 1264 “sed

86 1285 125 1322 et
155 1279 263 1332 nos'⁷,
295 1284 469 1333 inquam,
501 1280 602 1333 “ipsi
628 1286 759 1334 parati
785 1297 917 1323 sumus
943 1285 1007 1322 hic
1033 1280 1189 1337 ibinem
1216 1299 1286 1335 pro
1314 1299 1435 1325 cauea
1455 1294 1489 1320 2⁰

84 1344 162 1381 ista
200 1343 388 1381 excubare
426 1345 572 1392 noctes,
610 1346 657 1382 ut
694 1346 825 1382 aestus
864 1347 902 1382 et
933 1345 1156 1383 uexationis
1187 1345 1435 1384 incommodo

84 1403 233 1441 bestiae
266 1403 458 1454 fatigatae
491 1405 530 1441 et
556 1404 684 1441 cibum
718 1405 999 1453 tempestiuum
1034 1407 1073 1442 et
1104 1406 1242 1454 potum
1275 1406 1435 1444 solitum

85 1464 306 1501 accuratius
339 1459 584 1501 offeramus.⁷⁷

173 1519 307 1560 “Nihil
347 1522 569 1573 indigemus
610 1522 744 1562 labore
783 1523 860 1562 isto
901 1519 1072 1572 uestro⁷'‚
1111 1524 1316 1573 respondit
1355 1525 1435 1573 ille,

85 1578 187 1619 “iam
218 1595 342 1631 paene
380 1584 465 1620 tota
496 1582 650 1620 familia
681 1596 752 1632 per
783 1583 977 1621 diutinam
1010 1583 1328 1622 consuetudinem
1363 1598 1434 1622 nu·
1456 1592 1488 1618 25

83 1641 249 1679 triendis
281 1641 381 1680 ursis
414 1643 629 1680 exercitata
661 1638 755 1681 est.⁷'

172 1701 267 1739 Post
309 1701 405 1739 haec
448 1702 644 1740 ualefacto
690 1702 937 1740 discessimus
982 1704 1022 1740 et
1062 1705 1218 1752 portam
1258 1703 1434 1742 ciuitatis
1456 1710 1505 1746 18

84 1761 229 1811 egressi
266 1763 564 1799 monumentum
603 1762 802 1811 quoddam
839 1763 1112 1811 conspicamur
1143 1764 1281 1812 procul
1313 1776 1336 1801 a
1367 1765 1435 1801 uia

82 1822 234 1858 remoto
267 1822 306 1858 et
338 1820 472 1859 abdito
505 1821 591 1859 loco
622 1822 808 1870 positum.
858 1821 915 1859 ibi
941 1822 1101 1871 capulos
1128 1824 1231 1860 carie
1259 1824 1297 1861 et
1322 1826 1434 1861 uetu-

178 1910 205 1944 F
235 1914 328 1945 141².
357 1925 383 1955 φ
411 1891 553 1945 ΒΊὉΒᾞΕ
675 1918 692 1945 4
719 1892 928 1946 thrasileon-
946 1914 1016 1967 ᾗῇ
1066 1926 1113 1966 φε.
1137 1893 1184 1946 n—r
1295 1920 1314 1946 6
1340 1894 1433 1948 cele-

84 1980 213 2016 bratur
237 1982 284 2017 vd
299 1983 347 2016 Vl
479 1989 497 2016 8
523 1982 599 2018 ire*
625 1984 728 2028 (eras.
749 1983 821 2018 vid.
841 1984 871 2029 t)
921 1998 965 2028 cp:
993 1969 1065 2018 ar&
1092 1968 1116 2027 (l
1136 1984 1183 2019 αἱ,
1204 1995 1249 2019 m.
1270 1984 1368 2026 add„
1394 1985 1435 2019 in

85 2041 150 2075 my.
179 2031 226 2065 al.
253 2034 293 2065 ut
317 2030 389 2065 vid.
415 2042 460 2065 m.
488 2030 555 2075 ire)
610 2031 844 2066 inmitterent
875 2031 921 2066 vd
938 2032 986 2066 Vl
1039 2031 1112 2066 iret
1142 2031 1248 2066 iubet
1279 2044 1323 2067 ecc
1352 2044 1384 2068 v.
1413 2035 1436 2067 7

83 2078 180 2121 falso
204 2079 342 2122 repetit.
364 2078 429 2113 del.
450 2079 563 2122 Luetj
587 2080 632 2122 cf.
649 2080 768 2123 praef.
790 2082 834 2114 51
933 2078 984 2124 8s⁹
1004 2078 1341 2123 iubet-reportari
1367 2081 1433 2115 del.

87 2124 168 2159 Oud
352 2132 370 2158 9
396 2126 580 2170 reportari
607 2127 663 2172 (φ)
689 2126 878 2171 deportari
909 2127 991 2161 Oud
1167 2133 1204 2160 1⁰
1229 2126 1434 2172 fraglantia

83 2174 129 2216 cf.
156 2175 240 2216 99,7
267 2175 400 2215 109,20
426 2176 558 2215 137,10
591 2174 780 2217 Woelfflin
808 2175 915 2209 Areh.
943 2176 969 2217 f.
996 2175 1057 2209 lat.
1087 2175 1176 2210 Leoe.
1204 2175 1266 2209 JV
1284 2178 1306 2209 9

82 2226 119 2253 13
146 2219 311 2264 alioquoi
341 2219 421 2255 Oud
447 2222 490 2265 cf.
519 2224 626 2264 156,3
771 2221 999 2256 contermino
1025 2222 1106 2266 (del.
1135 2223 1220 2266 que)
1247 2222 1321 2257 Leo

82 2274 118 2301 18
144 2268 376 2311 perditarum
401 2279 422 2302 v
484 2280 607 2303 secum
636 2268 910 2317 (animalium)
938 2270 984 2304 vd
1000 2270 1049 2305 Vl
1156 2276 1193 2303 24
1219 2271 1253 2313 R
1279 2271 1334 2315 (φ)
1361 2271 1385 2305 i.
1406 2281 1432 2305 e.

82 2337 276 2382 respondit
372 2345 408 2372 27
436 2339 528 2374 *hec
577 2354 622 2385 φ;
648 2340 673 2373 h
771 2347 808 2374 29
834 2330 954 2385 posit}
974 2352 1037 2376 em.
1058 2340 1135 2376 ead.
1157 2352 1203 2375 m.
1247 2354 1290 2385 cp:
1312 2340 1434 2385 positi-1
