1657 2526
204 102 285 143 158
372 101 547 137 APVLEI
574 100 1043 138 METAMORPHOSEON
1069 102 1157 138 LIB.
1179 101 1257 148 VH,
1285 108 1315 139 5.
1344 107 1363 138 6

131 176 200 200 Oml.

199 216 303 252 inter
335 228 431 265 quos
471 218 605 265 pectus
639 218 677 253 et
714 218 852 254 uenter
889 218 1064 254 crustata
1106 218 1282 255 crassitie
1306 213 1318 268 ΙΙ
1343 213 1546 268 reluc[t]e-

198 274 306 312 bant.

290 334 353 372 Sic
403 335 683 384 introgressus:
736 331 939 382 ‘hauete’,
989 335 1136 384 inquit,
1188 332 1425 374 ‘fortissimo
1477 336 1549 374 deo

198 393 319 431 Marti
363 394 524 432 clientes
561 395 738 442 mihique
776 396 855 432 iam
893 394 959 431 fidi
998 395 1301 443 commilitones,
1343 398 1381 433 et
1418 397 1548 433 uirum

163 466 178 490 5
198 454 475 502 magnanimae
507 453 738 491 uiuacitatis
770 454 968 491 uolentem
1000 454 1178 492 uolentes
1212 455 1395 503 accipite,
1426 455 1548 492 liben-

196 513 276 550 tius
310 513 476 550 uulnera
509 525 667 561 corpore
702 514 958 562 excipientem
993 527 1110 562 quam
1143 527 1282 551 aurum
1315 527 1434 551 manu
1467 526 1545 552 sus-

198 573 406 620 cipientem
439 573 603 621 ipsaque
637 574 780 620 morte,
814 585 933 621 quam
966 573 1182 611 formidant
1214 573 1301 621 alii,
1333 573 1547 611 meliorem.

196 644 266 669 nec
304 644 365 669 me
403 632 553 680 putetis
594 645 759 681 egenum
798 633 862 669 uel
903 632 1098 670 abiectum
1142 645 1240 670 neue
1279 633 1324 669 de
1363 633 1548 681 pannulis

196 690 283 729 istis
315 693 484 728 uirtutes
517 704 623 728 meas
662 692 888 729 aestimetis.
960 705 1050 728 uam
1089 693 1244 740 praefui
1281 692 1549 730 ualidissimae

144 763 176 787 ιο
197 752 333 788 manui
364 752 568 799 totamque
601 764 759 799 prorsus
793 751 999 789 deuastaui
1032 752 1314 789 Macedoniam.
1359 764 1429 801 ego
1463 765 1549 789 sum

197 811 342 857 praedo
385 811 558 848 famosus
597 810 770 848 Haemus
811 811 878 848 ille
918 811 1124 860 Thracius,
1166 812 1276 848 cuius
1314 813 1422 848 totae
1460 824 1548 859 pro-

196 870 350 907 uinciae
397 883 538 907 nomen
580 869 826 918 horrescunt,
871 873 983 919 patre
1022 871 1199 908 Therone
1238 883 1359 919 aeque
1396 872 1548 908 latrone

197 929 333 966 inclito
359 931 589 979 prognatus,
616 930 787 967 humano
815 931 1006 979 sanguine
1033 931 1206 968 nutritus
1236 930 1415 979 interque
1442 931 1548 979 ipsos

195 989 419 1037 manipulos
464 989 650 1026 factionis
694 989 884 1027 educatus
927 989 1037 1027 lieres
1083 991 1121 1026 et
1165 990 1341 1027 aemulus
1385 990 1547 1027 uirtutis

149 1048 172 1083 6
198 1051 397 1097 paternae.
460 1049 526 1086 sed
560 1061 714 1085 omnem
746 1049 955 1097 pristinam
989 1050 1183 1086 sociorum
1221 1049 1383 1086 fortium
1414 1049 1547 1086 multi-

143 1121 175 1145 16
196 1108 372 1145 tudinem
394 1121 636 1157 magnasque
664 1109 752 1145 illas
774 1121 866 1157 opes
895 1109 1034 1158 exiguo
1055 1109 1243 1157 temporis
1272 1110 1386 1146 amisi
1406 1109 1547 1157 spatio.

195 1180 286 1205 nam
319 1170 616 1216 procuratorem
647 1169 839 1216 principis
872 1169 1084 1205 ducenaria
1116 1170 1377 1216 perfunctum,
1410 1168 1548 1205 dehinc

197 1228 356 1264 fortuna
394 1228 569 1264 tristiore
609 1227 830 1274 decussum,
869 1230 1185 1276 praetereuntem
1222 1224 1350 1277 <cl>e0
1389 1225 1547 1277 <27>rat0

124 1296 176 1319 450*
196 1287 346 1323 fueram
380 1287 599 1335 adgressus.
646 1287 710 1324 sed
743 1289 801 1323 rei
833 1287 1050 1325 noscendae
1083 1299 1201 1336 carpo
1235 1287 1421 1324 ordinem.
1472 1287 1548 1324 fuit

142 1361 175 1385 20
197 1345 356 1394 quidam
389 1346 523 1384 multis
557 1346 698 1384 officiis
731 1347 770 1383 in
810 1347 901 1384 aula
935 1346 1111 1384 Caesaris
1145 1347 1272 1384 clarus
1306 1348 1426 1395 atque
1460 1359 1547 1383 con-

196 1406 365 1454 spicuus,
407 1407 484 1454 ipsi
525 1407 644 1443 etiam
686 1406 806 1454 probe
849 1407 1060 1455 spectatus.
1132 1407 1234 1443 hunc
1274 1406 1547 1444 insimulatum

197 1465 444 1513 quorundam
477 1467 564 1502 astu
603 1467 769 1514 proiecit
808 1468 1000 1503 extorrem
1040 1466 1217 1503 saeuiens
1255 1465 1416 1503 inuidia.
1481 1465 1547 1503 sed

196 1538 292 1562 uxor
324 1525 405 1561 eius
446 1524 622 1573 Plotina,
662 1525 853 1573 quaedam
893 1538 1005 1562 rarae
1043 1525 1133 1562 fidei
1176 1527 1294 1573 atque
1335 1525 1547 1574 singularis

124 1593 175 1617 457
196 1584 410 1632 pudicitiae
442 1584 600 1632 femina,
634 1597 734 1633 quae
762 1584 911 1622 decimo
939 1587 1076 1633 partus
1103 1584 1298 1632 stipendio
1325 1585 1403 1621 uiri
1434 1585 1545 1621 fami-

142 1658 175 1682 25
194 1645 289 1680 liam
322 1644 568 1692 fundauerat,
602 1645 744 1692 spretis
778 1646 895 1692 atque
923 1644 1156 1693 contemptis
1184 1643 1342 1681 urbicae
1368 1644 1546 1681 luxuriae

196 1703 347 1741 deliciis
379 1703 568 1753 fugientis
602 1716 728 1741 comes
763 1705 802 1741 et
834 1703 1043 1741 infortunii
1081 1705 1204 1750 socia,
1243 1706 1355 1741 tonso
1389 1704 1545 1752 capillo,

195 1765 233 1799 in
279 1763 539 1800 masculinam
590 1763 730 1801 faciem
774 1764 987 1800 reformato
1038 1763 1197 1810 habitu,
1248 1763 1545 1810 pretiosissimis

195 1822 400 1859 monilium
440 1825 477 1859 et
516 1835 610 1859 auro
655 1823 843 1859 monetali
888 1824 995 1860 zonis
1036 1824 1189 1860 refertis
1231 1821 1405 1859 incincta
1442 1822 1545 1859 inter

291 1935 317 1968 F
341 1939 434 1970 155³.
477 1950 502 1979 φ
524 1940 594 1970 49¹².
745 1941 760 1970 1
797 1936 959 1982 crassitie
1104 1935 1341 1970 reluctabant
1366 1936 1422 1980 (φ)
1449 1934 1543 1969 relu-

196 1982 329 2017 cebant
355 1984 551 2018 Blumrmer
585 1985 629 2026 cf.
658 1986 789 2026 5251,2:3
840 1983 1091 2017 relucitabant
1123 1984 1305 2028 Γοῑῑφτιῄν
1433 1986 1452 2016 3
1480 1982 1544 2016 ha-

197 2031 279 2064 bete
307 2032 361 2075 (φ)
466 2031 662 2064 fortissimi
689 2032 815 2065 Petsclt
852 2032 896 2074 cf.
926 2035 1033 2073 wa?
1134 2035 1175 2065 12
1203 2032 1284 2074 atq3
1319 2032 1375 2075 (φ)
1427 2041 1542 2073 aeque

197 2080 289 2122 Lips
437 2082 477 2112 17
511 2080 555 2121 cf.
585 2078 813 2121 Ηιῗιϊςςῖιΐεῐᾱ2
839 2079 980 2113 kaiserl.
1010 2079 1393 2123 l'erce-altunysbeamte
1419 2079 1542 2123 (1905)

190 2138 228 2170 p.
250 2129 398 2169 4-35sqq.
548 2130 590 2159 18
628 2128 822 2170 ptereunte
854 2137 912 2160 me
946 2127 1048 2160 orato
1082 2127 1137 2171 (φ)
1170 2131 1253 2160 ante
1290 2136 1348 2160 me
1379 2136 1491 2169 supra
1525 2135 1543 2158 e

196 2185 285 2207 eras.
307 2176 322 2182 ”
374 2175 671 2217 praetereuntem
698 2186 717 2208 v
816 2185 894 2207 meo
922 2174 999 2208 fato
1028 2175 1192 2208 Bursian
1234 2184 1355 2207 coram
1384 2173 1544 2207 Beroazd

195 2221 358 2254 incoram
385 2221 534 2255 Steweeh
582 2222 648 2254 deo
675 2232 756 2255 meo
784 2221 878 2255 irato
908 2222 1039 2265 Haupt
1083 2222 1151 2256 deo
1178 2221 1272 2254 irato
1300 2222 1336 2264 (²⁸-
1358 2232 1383 2254 ε.
1407 2221 1542 2263 Illarte)

198 2269 348 2303 Orus-ms
386 2268 504 2302 Marte
533 2269 600 2302 deo
628 2269 722 2302 irato
743 2270 848 2303 ‹vdl'l
883 2271 1105 2312 properante
1132 2280 1212 2302 meo
1239 2269 1316 2302 fato
1338 2269 1461 2302 Petsch

198 2320 238 2348 19
268 2316 455 2360 adgressos
478 2318 534 2360 (tp)
560 2328 621 2350 em.
649 2329 693 2350 m.
722 2328 812 2359 (μιαν
838 2319 937 2359 resec.
968 2317 1033 2350 litt.
1145 2321 1188 2349 22
1217 2317 1292 2349 asto
1320 2315 1403 2359 (vicl.
1431 2316 1544 2358 fecisse

196 2364 289 2408 astu)
341 2378 385 2407 φι
414 2363 491 2397 astu

1562 178 1588 202 E
