1611 2516
45 160 113 185 Oud.

61 505 96 529 56

299 85 475 120 APVLEI
501 85 971 121 METAMORPHOSEON
998 85 1133 129 LIB.1‚
1163 89 1216 120 16.
1246 89 1287 119 17
1417 87 1468 126 15

1490 158 1515 182 E

114 200 309 236 fenestrae
348 198 548 236 subditum
588 197 822 235 altrinsecus
863 198 1124 247 prominebat,
1165 197 1312 235 iniecta
1351 201 1468 246 atque

115 258 250 296 obdita
287 260 399 307 parte
438 257 604 295 funiculi
643 260 682 295 et
714 257 839 295 altera
876 257 1042 294 firmiter
1074 257 1115 293 in
1147 257 1292 295 nodum
1332 260 1469 294 coacta

115 329 273 355 ascenso
305 317 536 367 grabattulo
569 317 619 353 ad
667 316 830 354 exitium
880 316 1116 354 sublimatus
1168 320 1206 353 et
1238 313 1468 366 <im>misso

115 378 243 426 capite
276 377 462 425 laqueum
492 376 624 413 induo.
676 376 743 414 sed
775 375 867 413 dum
900 375 997 425 pede
1025 376 1148 413 altero
1182 375 1469 423 fulcimentum,

116 449 192 485 quo
238 436 473 484 sustinebar,
520 435 681 484 repello,
725 437 770 472 ut
814 435 999 483 ponderis
1044 435 1213 472 deductu
1259 436 1374 472 restis
1420 435 1468 472 ad
1508 447 1524 471 5

114 496 333 546 ingluuiem
378 495 568 533 adstricta
613 495 777 543 spiritus
826 494 958 532 officia
1003 494 1258 541 discluderet,
1310 496 1470 541 repente

113 556 242 604 putris
285 555 462 603 alioquin
501 557 539 591 et
577 556 691 592 uetus
733 554 839 591 funis
880 554 1121 602 dirumpitur
1162 557 1279 602 atque
1318 566 1390 602 ego
1423 553 1469 590 de
1492 562 1523 584 11

115 615 195 652 alto
217 614 392 652 recidens
416 614 603 651 Socraten
623 635 680 639 —
701 626 792 650 nam
813 613 924 651 iuxta
943 626 1005 650 me
1025 613 1181 650 iacebat
1202 634 1256 637 —
1279 625 1469 660 superruo

114 686 281 722 cumque
309 687 352 711 eo
385 673 424 709 in
458 675 604 710 terram
637 673 837 710 deuoluor.
889 674 928 710 et
960 685 1045 710 ecce
1077 673 1119 709 in
1150 672 1236 721 ipso
1269 674 1468 709 momento
1493 671 1539 706 17

114 733 262 771 ianitor
292 734 549 781 introrumpit
582 735 711 770 exerte
745 733 970 770 clamitans:
1007 730 1100 769 “ubi
1132 745 1171 769 es
1204 733 1259 780 tu,
1292 731 1360 780 qui
1388 731 1467 768 alta
1492 744 1525 768 10

114 795 227 830 nocte
258 792 452 829 inmodice
486 791 701 829 festinabas
735 795 772 829 et
806 804 907 829 nunc
940 793 1073 829 stertis
1106 785 1374 828 inuolutus‘?⁷⁷.

204 852 266 889 Ad
292 852 387 889 haec
413 851 544 889 nescio
566 864 616 888 an
638 864 729 888 casu
756 854 890 889 nostro
912 864 961 889 an
988 851 1096 889 illius
1123 850 1271 888 absono
1299 851 1469 887 clamore

115 914 364 960 experrectus
399 911 579 948 Socrates
618 912 796 959 exsurgit
826 911 935 959 prior
967 913 1005 948 et
1037 905 1173 954 “non‘'7,
1206 910 1357 958 inquit,
1390 906 1470 946 “in-

113 971 254 1008 merito
287 970 524 1008 stabularios
562 971 632 1008 hos
672 983 805 1007 omnes
843 970 1018 1018 hospites
1056 970 1313 1007 detestantur.
1378 981 1469 1005 nam

114 1031 187 1068 iste
221 1030 396 1068 curiosus
429 1030 521 1066 dum
559 1027 828 1079 inpo<r>tune
870 1030 1055 1078 irrumpit
1094 1050 1151 1054 -—
1191 1028 1304 1066 credo
1339 1028 1469 1065 studio
1492 1041 1524 1066 15

113 1090 296 1138 rapiendi
328 1089 481 1138 aliquid
512 1111 570 1115 —
602 1090 773 1127 clamore
806 1092 919 1127 uasto
952 1089 1171 1126 marcidum
1204 1088 1382 1137 alioquin
1408 1101 1469 1124 me

114 1149 310 1187 altissimo
343 1162 479 1197 somno
513 1144 719 1186 excussitf'

202 1209 375 1258 Emergo
404 1209 533 1246 laetus
566 1212 684 1256 atque
713 1209 844 1245 alacer
875 1208 1076 1257 insperato
1110 1207 1255 1258 gaudio
1289 1207 1469 1256 perfusus

114 1271 169 1306 et:
208 1264 330 1316 “ecca
370 1268 519 1305 ianitor
559 1267 796 1314 fidelissime⁷
839 1280 967 1305 comes
1011 1263 1070 1318 [et
1107 1269 1221 1316 pater
1261 1262 1389 1317 meus]
1433 1269 1470 1303 et

113 1328 237 1365 frater
274 1340 395 1376 meus⁷
434 1340 550 1376 quem
583 1328 697 1364 nocte
730 1327 860 1364 ebrius
900 1328 1071 1364 occisum
1104 1339 1127 1363 a
1158 1340 1219 1363 me
1253 1326 1469 1363 calumnia·
1491 1338 1525 1362 20

82 1382 256 1435 7ba1·is⁷',
297 1389 336 1424 et
368 1400 455 1424 cum
488 1387 593 1424 dicto
629 1387 816 1424 Socraten
855 1386 1112 1424 deosculabar
1151 1386 1365 1434 amplexus.
1430 1388 1470 1423 at

113 1447 181 1483 ille
210 1446 327 1484 odore
354 1447 534 1495 alioquin
567 1446 812 1495 spurcissimi
844 1446 1019 1483 humoris
1046 1457 1268 1494 percussus⁷
1301 1458 1378 1494 quo
1408 1458 1469 1482 me

113 1505 276 1543 Lamiae
321 1506 414 1543 illae
459 1506 687 1554 infecerant,
731 1506 984 1542 uehementer
1029 1508 1278 1553 aspernatur:
1320 1501 1470 1554 “apage

113 1561 188 1614 te⁷⁷,
222 1566 364 1614 inquit,
396 1563 587 1603 “fetorem
626 1568 822 1603 extremae
855 1560 1049 1602 latrinae⁷⁷
1087 1567 1125 1601 et
1164 1576 1301 1602 causas
1341 1565 1471 1612 coepit

207 1678 235 1712 F
258 1682 351 1713 1282.
386 1693 413 1723 φ
436 1679 508 1712 261).
609 1682 627 1712 2
656 1679 818 1713 obducta
846 1690 864 1712 v
899 1679 943 1720 cf.
967 1680 1074 1720 65‚13
1178 1681 1197 1711 3
1226 1679 1255 1711 &r
1281 1676 1385 1711 misso
1413 1679 1469 1721 (cp)

113 1738 175 1761 em.
199 1727 339 1761 Vulean
365 1727 525 1761 demisso
549 1727 632 1761 Colv
664 1728 708 1769 cf.
725 1729 832 1768 42,1o
930 1729 949 1759 6
978 1725 1099 1760 officio
1121 1734 1173 1768 (φ,
1193 1725 1255 1760 sed
1269 1726 1316 1759 al.
1331 1736 1374 1758 «m.
1392 1726 1469 1768 em.)

113 1774 158 1817 cf.
174 1776 230 1816 4,1
246 1777 330 1817 49ss
351 1775 417 1808 XI
428 1777 472 1808 13
487 1775 574 1808 med.
591 1774 754 1808 officium
770 1774 842 1807 Lea
959 1777 976 1806 7
1005 1773 1089 1806 finis
1099 1784 1160 1807 em.
1177 1774 1224 1807 al.
1239 1784 1283 1806 m.
1300 1777 1332 1806 et
1347 1786 1373 1816 φ

115 1822 217 1866 13s14
244 1832 289 1855 ne
318 1843 359 1846 —-
388 1822 559 1856 inmerito
586 1824 640 1866 (φ,
667 1832 734 1855 nec
759 1833 875 1865 supra
900 1832 946 1854 ne
974 1826 1014 1855 ut
1038 1822 1341 1864 interpretamem.
1369 1819 1470 1861 add.)

113 1879 183 1903 nae
199 1890 241 1894 —
257 1869 389 1903 merito
403 1881 423 1904 v
449 1880 517 1903 nec
532 1890 575 1894 —
590 1869 764 1903 inmerito
778 1869 925 1913 Sauppe
950 1880 1024 1902 non
1040 1889 1082 1893 —-
1097 1868 1271 1901 inmerito
1288 1868 1471 1902 Rossbach

113 1917 158 1959 cf.
176 1920 280 1957 1631&
295 1920 401 1959 51,1&
429 1918 499 1952 Cic.
515 1918 623 1952 Brut.
640 1920 788 1959 31‚119.·
813 1928 898 1958 non,
919 1916 1082 1959 inquam,
1110 1915 1234 1958 Brute,
1260 1915 1338 1949 sine
1360 1927 1471 1949 causa

116 1968 258 2006 78370:
286 1976 371 2007 non,
399 1965 562 2008 inquam,
591 1975 659 2009 ego
686 1965 782 1998 istuc
802 1964 932 2008 ignoro
1000 1964 1160 1998 conicias
1179 1974 1225 1997 ne
1238 1963 1470 2004 —ntmeritoe

113 2013 174 2046 Sed
199 2013 427 2046 desideratur
446 2023 647 2057 pronomen
661 2016 745 2056 post
776 2022 821 2044 ne
847 2012 892 2053 cf.
915 2014 973 2053 3,9
1000 2014 1057 2054 025
1096 2022 1159 2045 nec
1192 2022 1237 2044 ne
1263 2021 1334 2054 pro
1360 2021 1406 2044 ne
1424 2031 1470 2034 —

114 2059 265 2102 quidem
284 2060 488 2094 habendum
508 2060 690 2104 (Heraens
709 2060 888 2094 Festschr.
909 2060 935 2102 f.
957 2059 1095 2093 Vahlen
1110 2070 1148 2102 p.
1164 2060 1250 2102 432)
1350 2061 1392 2091 15
1414 2057 1470 2090 in-

112 2108 250 2151 potune
273 2119 335 2142 em.
359 2119 403 2141 m.
427 2119 492 2142 ree.
517 2112 549 2142 et
572 2121 599 2151 φ
723 2111 765 2141 19
787 2117 871 2140 ecce
898 2106 1016 2153 (aio)
1043 2106 1089 2140 vd
1099 2106 1145 2140 VZ
1258 2104 1469 2151 (inquam)

114 2155 186 2189 ian.
209 2156 267 2189 He
292 2155 353 2189 sed
378 2156 423 2198 cf.
452 2158 558 2197 13,12
582 2157 693 2197 22,23
721 2157 804 2197 55,0²
838 2155 952 2189 Vleo
1002 2166 1051 2188 cm
1079 2153 1147 2199 [et]
1175 2163 1259 2187 ecce
1284 2152 1303 2186 ?

114 2203 151 2236 et
181 2204 288 2246 pater
318 2214 420 2236 meus
452 2207 494 2237 ut
530 2202 749 2247 dittograph.
782 2202 848 2236 del.
882 2201 982 2235 Salm
1017 2203 1062 2245 cf.
1090 2202 1181 2235 Hor.
1209 2201 1308 2244 epist.
1331 2201 1357 2233 Ι
1385 2202 1469 2239 6,.54

115 2251 258 2284 Petron.
281 2252 303 2284 9
335 2251 527 2294 (ia-MR.)
554 2253 600 2285 98
626 2250 762 2293 (67,21)
790 2250 1012 2293 100(68,28)
1160 2252 1203 2282 22
1230 2246 1396 2281 humoris
1412 2248 1471 2291 (qv)

114 2308 202 2332 corr.
231 2308 274 2331 επ
295 2297 411 2331 —res
550 2297 739 2341 perculsus
767 2297 875 2331 Nolte
1030 2300 1073 2330 23
1101 2295 1315 2339 aspernatus
1342 2295 1467 2329 Petscle

113 2345 174 2379 sed
200 2346 245 2387 cf.
267 2347 435 2387 19,1o.25
