1657 2526
19 114 84 140 Oud.

21 457 68 484 754

21 1110 70 1136 755

272 38 447 73 Al‘vhffl
472 38 934 74 METAMORPHosEoN
964 39 1049 74 LIB.
1071 39 1131 82 XI,
1161 43 1248 74 1--3
1348 41 1428 83 267

1447 112 1473 137 1·:

86 165 173 190 eum
211 164 418 189 numerum
455 151 667 199 praecipue
705 149 961 201 religionibus
992 152 1244 199 aptissimum
1276 151 1433 189 diuinus

86 211 152 249 ille
184 210 431 260 Pythagoras
466 209 659 259 prodidit,
698 206 842 260 [laetus
876 212 914 247 et
947 206 1092 260 alacer]
1126 210 1238 248 deam
1272 223 1433 258 praepo-

86 272 235 308 tentem
266 269 475 307 lacrimoso
509 269 625 307 uultu
657 270 712 307 sic
745 268 1002 318 adprecabar:

176 326 343 380 ‘Regina
381 328 496 377 caeli,
528 349 586 354 —
618 329 701 367 siue
738 330 784 366 tu
817 327 931 366 Ceres
968 328 1073 366 alma
1104 329 1261 379 frugum
1294 342 1435 378 parens
1460 335 1482 369 2

87 389 310 440 originalis,
353 401 471 437 quae,
512 390 671 437 repertu
709 387 858 426 laetata
894 387 1018 435 filiae,
1061 390 1241 426 uetustae
1280 388 1435 439 glandis
1474 397 1488 422 5

89 449 213 486 ferino
239 450 390 486 remoto
417 447 575 496 pabulo,
607 447 695 485 miti
719 442 720 484 ἶ
745 449 1053 486 commonstrato
1080 447 1165 485 cibo
1192 460 1295 485 nunc
1321 447 1436 485 Eleu-

86 507 228 546 siniam
276 506 432 558 glebam
475 507 660 556 percolis,
711 520 779 544 seu
822 508 865 544 tu
910 506 1090 544 caelestis
1135 507 1287 555 Venus,
1337 520 1437 556 quae

85 567 222 616 primis
248 579 381 604 rerum
411 566 578 604 exordiis
605 579 767 604 sexuum
793 566 1065 604 diuersitatem
1085 568 1273 616 generato
1294 566 1438 604 Amore

87 626 246 665 sociasti
266 620 278 679 Η
297 628 336 663 et
368 627 528 664 aeterna
561 625 694 663 subole
720 626 895 664 humano
921 639 1062 676 genere
1088 628 1309 676 propagato
1336 639 1438 664 nunc
1459 637 1510 660 206

87 685 317 724 circumfluo
351 684 477 734 Paphi
509 686 680 724 sacrario
714 685 870 733 coleris,
903 698 971 723 seu
1003 685 1151 723 Phoebi
1184 697 1304 734 soror,
1338 697 1438 734 quae
1460 696 1493 720 ιο

88 747 205 795 partu
237 746 407 783 fetarum
438 743 600 783 medelis
631 745 870 782 lenientibus
902 746 1078 783 recreato
1110 744 1280 794 populos
1305 746 1439 783 tantos

88 804 264 843 educasti
296 804 587 854 praeclarisque
620 817 724 842 nunc
754 805 954 843 ueneraris
982 804 1154 842 delubris
1181 804 1341 853 Ephesi,
1373 817 1440 843 seu

87 865 288 902 nocturnis
340 862 558 902 ululatibus
602 863 797 902 horrenda
842 863 1079 914 Proserpina
1123 864 1296 902 triformi
1340 864 1439 902 facie

86 923 257 962 laruales
294 924 465 973 impetus
504 924 766 972 comprimens
804 925 1012 973 terraeque
1050 924 1224 962 claustra
1256 923 1440 962 cohibens

85 983 195 1021 lucos
239 982 414 1021 diuersos
458 984 636 1021 inerrans
681 984 793 1022 uario
836 984 944 1022 cultu
982 983 1230 1032 propitiaris,
1268 1004 1326 1009 —
1363 983 1440 1021 ista
1462 992 1493 1018 15

86 1043 172 1080 luce
204 1042 375 1081 feminea
407 1043 655 1081 conlustrans
688 1045 829 1081 cuncta
854 1042 1011 1081 moenia
1037 1044 1076 1080 et
1101 1038 1257 1094 u[n]dis
1283 1043 1441 1093 ignibus

88 1103 266 1140 nutriens
304 1102 410 1140 laeta
448 1103 598 1139 semina
639 1104 678 1141 et
716 1103 809 1141 solis
849 1102 1081 1154 ambagibus
1120 1102 1352 1151 dispensans
1384 1102 1441 1139 in-

89 1164 194 1200 certa
225 1161 394 1210 lumina,
428 1174 585 1211 quoquo
618 1163 794 1210 nomine,
827 1175 985 1212 quoquo
1016 1163 1115 1211 ritu,
1149 1174 1310 1211 quaqua
1341 1162 1441 1200 facie

88 1223 126 1259 te
152 1221 212 1259 fas
245 1222 304 1259 est
334 1222 537 1260 inuocare:
571 1224 614 1259 tu
646 1222 743 1260 meis
775 1223 855 1259 iam
887 1234 993 1260 nunc
1025 1223 1209 1260 extremis
1242 1222 1443 1259 aerumnis

89 1280 274 1329 subsiste,
318 1282 363 1318 tu
400 1281 604 1319 fortunam
642 1282 870 1331 conlapsam
910 1281 1091 1330 adfirma,
1129 1283 1174 1319 tu
1211 1281 1340 1319 saeuis
1380 1294 1442 1318 ex·
1463 1290 1496 1316 20

89 1340 256 1378 anclatis
296 1340 450 1379 casibus
488 1353 654 1390 pausam
689 1353 904 1390 pacemque
936 1341 1082 1388 tribue,
1121 1342 1174 1379 sit
1205 1341 1302 1379 satis
1334 1340 1442 1378 labo-

89 1413 193 1449 rum,
245 1399 297 1437 sit
340 1401 437 1439 satis
482 1401 757 1451 periculorum.
822 1400 974 1450 depelle
1018 1400 1271 1450 quadripedis
1316 1400 1443 1438 diram

89 1459 241 1508 faciem,
266 1458 384 1498 redde
410 1473 471 1498 me
498 1460 723 1510 conspectui
752 1472 938 1509 meorum,
963 1460 1081 1499 redde
1107 1473 1168 1498 me
1195 1473 1281 1498 meo
1307 1459 1442 1498 Lucio.

90 1531 134 1557 ac
166 1520 200 1556 si
225 1518 329 1569 quod
355 1519 545 1558 offensum
571 1533 717 1558 numen
743 1520 978 1558 inexorabili
1003 1533 1064 1558 me
1091 1520 1261 1558 saeuitia
1286 1519 1443 1569 premit,

90 1579 189 1617 mori
221 1578 362 1617 saltem
393 1578 521 1628 liceat,
554 1579 588 1618 si
619 1592 697 1618 non
729 1580 822 1617 licet
853 1577 1013 1618 uiuere.'
1464 1588 1496 1613 25

178 1637 241 1676 Ad
278 1638 397 1677 istum
436 1639 598 1677 modum
630 1639 727 1678 fusis
758 1639 938 1689 precibus
972 1642 1011 1678 et
1042 1639 1256 1678 adstructis
1290 1639 1443 1677 miseris
1467 1646 1490 1680 3

89 1697 440 1736 lamentationibus
471 1711 606 1737 rursus
639 1698 738 1737 mihi
768 1701 1010 1738 marcentem
1036 1700 1214 1737 animum
1240 1700 1281 1736 in
1308 1698 1444 1736 eodem

89 1757 158 1795 illo
210 1757 334 1795 cubili
382 1771 499 1807 sopm
550 1759 809 1798 circumfusus
860 1759 1067 1809 oppressit.
1136 1759 1302 1796 necdum
1348 1758 1444 1796 satis

90 1818 332 1865 coniueram‚
376 1819 415 1855 et
452 1830 539 1856 ecce
577 1819 719 1869 pelago
758 1818 887 1857 medio
926 1819 1170 1857 uenerandos
1209 1818 1284 1856 diis
1323 1819 1444 1856 etiam

185 1919 212 1953 F
234 1923 318 1954 178⁸
303 1919 353 1954 ⁸.b
380 1934 407 1964 φ
429 1920 574 1955 6812692.
673 1928 690 1955 2
710 1920 831 1955 laetus
852 1923 889 1956 et
909 1920 1032 1955 alacer
1045 1925 1196 1966 propter
1215 1888 1356 1955 lacrim.
1377 1920 1443 1954 del.

91 1968 165 2003 Leo
191 1968 269 2003 coll.
289 1970 425 2011 266²‚24
449 1968 495 2011 cf.
516 1971 626 2010 15,18
654 1971 711 2011 73,
713 1972 761 2004 25
906 1975 925 2002 8
950 1967 1157 2013 generabili
1184 1969 1353 2003 Bursian

89 2021 109 2049 9
128 2014 278 2050 subole*
298 2016 403 2060 (eras.
421 2014 438 2048 s
452 2019 536 2051 ante
556 2016 670 2061 delet.)
763 2015 1003 2051 14⁷1arba1esv
1016 2027 1060 2052 ecc
1072 2015 1096 2050 b
1110 2016 1158 2051 al.
1172 2027 1218 2050 m.
1233 2026 1324 2051 corr.
1338 2016 1397 2060 (φ)

92 2092 128 2120 16
146 2085 325 2121 clustran⁸
344 2087 371 2130 (⁸
384 2087 462 2122 ead.
477 2098 521 2122 m.
537 2087 639 2132 add.)
736 2087 846 2122 undis
862 2087 917 2132 (φ,
937 2087 1025 2123 sed
1011 2099 1052 2123 m
1066 2099 1133 2131 mq.
1148 2087 1196 2122 al.
1212 2099 1257 2121 m.
1271 2098 1301 2122 c.
1316 2086 1444 2130 nudis)

91 2133 175 2169 udis
202 2134 365 2169 Beroazd
396 2134 520 2169 nuidis
547 2136 696 2170 Pontem
727 2135 764 2170 in
791 2134 876 2170 udis
906 2134 989 2170 Oud
1013 2135 1059 2178 cf.
1090 2135 1198 2181 Fuly.
1225 2135 1301 2170 mit.
1330 2135 1382 2170 II
1397 2137 1444 2170 16

91 2183 216 2226 (58312
234 2182 319 2227 H)
343 2192 506 2226 uaporea
531 2181 641 2217 lunae
716 2182 818 2218 sudis
845 2183 1042 2218 Blwemner
1142 2189 1177 2216 18
1204 2193 1320 2227 quaq3
1347 2180 1443 2216 facie

91 2229 148 2274 (φ)
173 2240 236 2265 em.
260 2240 280 2264 υ
378 2236 416 2264 2⁹
442 2229 632 2276 conipsera
657 2232 715 2276 (φ)
740 2230 951 2266 coniueram
978 2231 1117 2266 IVower
1141 2231 1187 2274 cf.
1208 2232 1265 2272 93,
1268 2232 1316 2264 22
1343 2228 1443 2264 coni

93 2286 215 2311 xeram
244 2277 297 2312 ed
323 2276 425 2312 lunt.
447 2282 539 2321 post
568 2277 847 2323 consopiueram
878 2278 962 2315 Oolv
1073 2277 1112 2312 di
1139 2277 1243 2312 iletia
1270 2277 1317 2322 (il
1340 2288 1427 2312 eras.

141 2338 185 2369 φι
213 2324 298 2359 di—
324 2324 431 2361 isetia
457 2325 503 2368 cf.
532 2328 574 2360 1.)
560 2328 662 2367 99,19
