1657 2526
193 49 279 90 200
344 47 519 81 APVLEI
543 45 1006 81 METAMoaPHosnon
1031 46 1118 81 ΜΒ.
1142 46 1234 90 vm,
1261 49 1315 81 28.
1344 50 1387 81 29

122 122 190 145 Oud.

192 161 338 197 ninum.
403 159 471 196 sed
513 159 582 196 ubi
625 159 785 196 tandem
829 160 990 209 fatigati
1032 158 1097 196 uel
1139 160 1242 196 certe
1281 171 1350 196 suo
1382 159 1536 196 laniatu

192 219 327 257 satiati
365 231 530 267 pausam
574 218 822 256 carnificinae
868 218 1018 266 dedere,
1062 217 1182 266 stipes
1227 231 1373 265 aereas,
1417 219 1536 256 immo

192 291 285 316 uero
325 280 364 315 et
403 279 608 327 argenteas
647 278 782 315 multis
815 279 995 315 certatim
1029 277 1280 315 offerentibus
1313 278 1404 314 sinu
1434 290 1536 315 rece-

192 350 283 386 pere
314 338 453 386 patulo
491 349 561 373 nec
598 350 674 374 non
715 340 754 374 et
791 337 874 373 uini
913 337 1052 374 cadum
1090 338 1129 373 et
1160 336 1302 374 lactem
1334 338 1373 374 et
1405 349 1536 374 caseos

156 407 172 431 5
194 400 231 435 et
264 397 379 433 farris
425 399 463 433 et
507 396 676 445 siliginis
722 396 872 445 aliquid
911 397 949 433 et
986 395 1186 433 nonnullis
1223 396 1412 433 hordeum
1443 396 1537 433 deae

192 448 328 506 gerulo
362 455 614 502 donantibus,
647 456 773 493 auidis
807 455 947 492 animis
981 455 1236 493 conradentes
1270 456 1400 492 omnia
1428 457 1466 492 et
1496 456 1536 492 in

194 515 368 553 sacculos
400 515 491 551 huic
524 515 703 563 quaestui
737 514 783 551 de
816 514 1012 552 industria
1038 516 1295 563 praeparatos
1329 515 1537 552 farcientes

122 585 174 610 ⁵86
195 576 309 613 dorso
341 586 427 611 meo
461 576 687 623 congerunt,
721 576 767 611 ut
799 574 948 622 duplici
979 573 1128 611 scilicet
1159 574 1335 611 sarcinae
1367 573 1537 622 pondere

191 639 380 684 grauatus
415 635 452 670 et
484 633 666 670 horreum
699 633 817 671 simul
850 635 889 671 et
920 633 1111 681 templum
1143 633 1372 671 incederem.

121 701 170 735 29
281 693 343 730 Ad
383 694 505 730 istum
551 693 710 730 modum
752 693 931 741 palantes
961 693 963 744 ἦ
993 704 1146 729 omnem
1184 693 1293 729 illam
1326 692 1537 741 depraeda-

139 764 171 787 11
191 753 339 790 bantur
381 753 592 802 regionem.
656 752 722 789 sed
766 753 805 789 in
851 752 1020 800 quodam
1062 752 1223 789 castello
1257 752 1369 800 copia
1400 752 1540 789 laetati

190 812 375 862 largioris
409 812 645 860 quaesticuli
672 811 875 861 gaudiales
902 812 1105 849 instruunt
1131 811 1260 860 dapes.
1318 824 1341 848 a
1367 811 1539 859 quodam

192 872 331 909 colono
376 870 491 908 fictae
534 871 832 909 uaticinationis
878 870 1081 908 mendacio
1125 871 1432 921 pinguissimum
1476 870 1539 907 de-

190 933 357 979 poscunt
389 930 562 977 arietem,
596 930 663 978 qui
695 931 805 967 deam
835 930 991 978 Syriam
1018 931 1253 967 esurientem
1280 943 1347 968 suo
1375 929 1539 967 satiaret

138 1002 169 1026 15
190 989 392 1037 sacrificio,
417 984 428 1042 ,ᾗ
453 989 651 1038 probeque
697 989 888 1038 disposita
934 990 1072 1027 cenula
1109 989 1270 1027 balneas
1309 989 1454 1027 obeunt
1494 1001 1539 1026 ac

191 1050 330 1087 dehinc
373 1049 474 1087 lauti
517 1049 713 1097 quendam
757 1050 1017 1087 fortissimum
1059 1049 1305 1086 rusticanum
1343 1048 1539 1086 industria

190 1110 360 1146 laterum
404 1111 524 1157 atque
569 1108 658 1146 imis
703 1109 851 1145 uentris
896 1108 992 1145 bene
1036 1111 1316 1157 praeparatum
1355 1109 1539 1145 comitem

191 1181 306 1206 cenae
347 1181 479 1206 secum
521 1168 722 1205 adducunt
763 1169 977 1216 paucisque
1019 1168 1229 1205 admodum
1271 1168 1538 1217 praegustatis

191 1228 376 1265 olusculis
410 1230 501 1264 ante
533 1229 661 1276 ipsam
692 1240 869 1265 mensam
895 1228 1148 1275 spurcissima
1173 1227 1244 1264 illa
1269 1227 1464 1276 propudia
1490 1226 1540 1264 ad

138 1305 172 1330 20
191 1287 367 1324 inlicitae
406 1286 582 1324 libidinis
621 1289 794 1324 extrema
832 1287 986 1336 flagitia
1027 1285 1199 1324 infandis
1231 1286 1452 1336 uriginibus
1486 1286 1539 1323 ef-

191 1347 370 1384 ferantur
420 1346 644 1395 passimque
701 1347 928 1383 circumfusi
956 1346 1174 1386 &nudatum
1233 1347 1539 1394 supinatumque

120 1423 172 1450 587
191 1407 377 1444 iuuenem
410 1405 635 1444 execrandis
668 1405 800 1443 oribus
833 1405 1079 1456 flagitabant.
1143 1418 1211 1443 nec
1239 1405 1307 1442 diu
1337 1405 1418 1442 tale
1445 1406 1539 1442 faci-

191 1479 263 1503 nus
302 1466 398 1502 meis
437 1465 560 1503 oculis
598 1465 858 1503 tolerantibus
899 1462 1030 1513 ‘porro
1069 1462 1255 1509 Quirites'
1295 1464 1538 1513 proclamare

191 1526 348 1575 gestiui,
381 1525 447 1563 sed
480 1524 693 1561 uiduatum
727 1525 865 1562 ceteris
898 1524 1058 1571 syllabis
1092 1536 1136 1561 ac
1168 1524 1313 1561 litteris
1352 1525 1540 1572 processit

138 1603 170 1628 25
193 1581 257 1621 ‘O’
290 1586 447 1621 tantum
492 1596 584 1621 sane
629 1584 778 1621 clarum
820 1596 865 1621 ac
902 1583 1080 1621 ualidum
1113 1585 1152 1621 et
1183 1583 1293 1621 asino
1326 1585 1539 1632 proprium,

192 1644 259 1681 scd
291 1645 530 1692 inoportuno
563 1643 680 1692 plane
711 1645 899 1693 tempore.
951 1655 1120 1691 namque
1152 1642 1198 1679 de
1230 1655 1334 1692 pago
1360 1643 1538 1691 proximo

193 1703 411 1752 complures
438 1704 601 1740 iuuenes
635 1703 817 1740 abactum
845 1702 920 1740 sibi
946 1705 1063 1739 noctu
1082 1703 1354 1751 perquirentes
1376 1702 1540 1739 asellum

190 1763 392 1811 nimioque
420 1762 550 1800 studio
578 1764 720 1800 cuncta
746 1762 974 1799 deuorsoria
995 1763 1229 1808 scrutantes,
1255 1763 1363 1799 intus
1383 1761 1539 1798 aedium

191 1822 326 1859 audito
358 1822 494 1859 ruditu
526 1834 623 1868 meo,
655 1821 841 1870 praedam
874 1821 1142 1859 absconditam
1173 1820 1352 1858 latibulis
1385 1820 1538 1858 aedium

139 1890 171 1914 30
191 1883 281 1925 rati,
321 1894 448 1919 coram
490 1894 573 1917 rem
610 1881 789 1918 inuasuri
829 1893 939 1918 suam
976 1881 1168 1929 inprouisi
1207 1881 1381 1917 conferto
1414 1879 1540 1929 gradu

191 1954 230 1978 se
263 1942 473 1990 penetrant
499 1941 710 1990 palamque
738 1941 827 1977 illos
854 1940 1089 1977 execrandas
1116 1939 1324 1977 foeditates
1352 1939 1538 1976 obeuntes

287 2019 313 2051 F
336 2019 519 2052 16312164‘2.
549 2032 575 2061 φ
597 2022 667 2051 56²².
815 2025 831 2051 ἴ)
865 2018 930 2063 [et]
958 2017 1145 2051 nonnullis
1174 2017 1264 2063 ζεῦ)
1293 2017 1397 2051 chl

191 2074 227 2098 ιο
252 2066 365 2099 modu
392 2068 446 2109 (φ)
480 2077 500 2099 o
527 2077 588 2100 cm.
620 2078 662 2099 ω]
688 2077 710 2099 u
737 2070 777 2099 ut
802 2066 874 2100 vid.
902 2065 979 2099 ead.
1005 2077 1049 2099 m.
1220 2072 1257 2097 :30
1284 2065 1333 2098 ad
1358 2063 1538 2109 uriginib;

192 2135 236 2139 Μ
258 2113 395 2147 nudatfi
424 2116 465 2148 in
490 2125 557 2158 my.
585 2113 669 2147 add.
699 2112 744 2146 -Ι-
773 2113 817 2155 cf.
840 2114 959 2157 praef.
988 2115 1033 2146 34
1172 2119 1208 2145 *22
1234 2111 1457 2156 flagitabant
1484 2112 1538 2156 (φ)

192 2161 408 2203 fatigabant
435 2162 567 2204 Haupt
664 2160 801 2194 diutius
827 2161 933 2195 vde
966 2158 1135 2203 denique'
1151 2161 1238 2194 Prie
1269 2162 1313 2202 ef.
1342 2162 1399 2201 639

192 2215 229 2242 23
256 2208 444 2253 pol-amare
465 2211 520 2253 (φ)
547 2220 609 2243 em.
631 2219 651 2242 v
748 2210 792 2251 efl
815 2208 995 2242 Laberius
1016 2211 1086 2242 125
1109 2208 1214 2242 Ra'bb.
1237 2208 1364 2251 Priap.
1385 2209 1466 2248 26st

192 2263 228 2289 24
256 2256 398 2289 sillabis
420 2258 474 2299 (tri
590 2256 727 2300 pcessit
754 2257 808 2300 (φ)
835 2268 898 2290 cm.
926 2268 945 2290 v
1067 2262 1104 2288 29
1137 2255 1285 2288 aedium
1312 2254 1378 2288 del.
1406 2253 1540 2290 Kaibel

262 2310 301 2336 30
327 2303 466 2337 iuafuri
494 2305 521 2346 (i
547 2314 589 2337 (ω
615 2303 653 2336 in
679 2306 740 2347 eff.
768 2305 814 2338 al.
842 2305 901 2347 m.)

1558 526 1609 550 153
