1611 2516
296 71 471 106 APVLEI
497 71 967 107 METAMORPHOSEoN
994 72 1079 106 LIB.
1101 72 1144 115 ΙΙ,
1174 76 1226 106 17.
1259 77 1298 106 18
1422 73 1476 114 39

55 144 121 170 oud.
1492 147 1515 170 ις

54 191 100 216 131
121 183 318 221 industria
352 197 471 232 quam
502 186 638 234 tegens
671 184 927 222 uerecundia:
962 181 1198 232 ‘proeliare’7
1232 184 1379 232 inquit,
1424 182 1477 223 eet

120 244 278 280 fortiter
308 243 513 292 proeliare,
546 256 615 280 nec
648 244 753 279 enim
784 243 859 280 tibi
891 243 1026 281 cedam
1059 256 1130 280 nec
1162 245 1275 293 terga
1300 246 1472 281 uortam-

121 303 338 340 comminus
370 303 411 338 in
444 304 665 350 aspectum,
704 302 735 340 si
768 302 830 339 uir
862 314 918 350 es,
959 302 1092 351 derige
1125 305 1163 339 et
1195 314 1376 352 grassare
1409 316 1476 340 na-

120 362 224 398 uiter
267 363 306 398 et
350 361 481 399 occide
526 362 753 399 moriturus.
826 361 1014 400 hodierna
1059 374 1192 412 pugna
1236 374 1315 399 non
1358 362 1476 400 habet

122 417 375 458 missionem.’
438 421 534 458 haec
567 420 684 458 simul
716 421 847 459 dicens
888 422 1065 459 inscenso
1098 420 1326 471 grabattulo
1359 433 1476 470 super
1515 435 1529 459 5

52 487 104 512 132
122 493 181 517 me
214 481 350 517 sessim
382 479 557 518 residens
590 492 635 517 ac
667 479 802 518 crebra
835 480 1042 517 subsiliens
1081 480 1323 528 lubricisque
1356 482 1475 530 gesti-

122 530 190 576 bus
222 539 408 576 mobilem
441 540 598 587 spinam
631 540 811 587 quatiens
844 539 1039 588 pendulae
1065 540 1228 577 Veneris
1256 540 1388 577 fructu
1414 553 1475 577 me

121 600 300 647 satiauit,
344 611 470 646 usque
522 598 614 635 dum
660 599 775 636 lassis
821 599 963 636 animis
1008 602 1046 636 et
1096 598 1280 636 marcidis
1323 599 1474 637 artibus

121 657 329 708 defatigati
366 658 484 695 simul
523 657 637 695 ambo
679 658 896 695 corruimus
934 659 1038 695 inter
1075 660 1232 695 mutuos
1272 659 1474 707 amplexus

120 718 269 754 animas
304 713 609 768 [h]anleelantes.
665 718 727 754 his
760 719 797 754 et
828 717 946 756 huius
978 717 1084 755 modi
1115 717 1473 756 conluctationibus
1496 732 1528 755 ιο

120 776 168 813 ad
200 776 368 813 confinia
394 777 494 814 lucis
527 789 652 825 usque
678 777 891 827 peruigiles
920 778 1071 827 egimus
1097 777 1248 825 poculis
1276 777 1473 814 interdum

48 842 99 867 133
117 835 391 873 lassitudinem
428 837 650 873 refouentes
691 838 729 873 et
766 836 971 874 libidinem
1008 836 1219 874 incitantes
1259 838 1297 873 et
1333 837 1472 885 uolup-
1493 846 1528 868 29

116 896 240 932 tatem
271 895 527 944 integrantes.
591 895 640 932 ad
682 896 790 933 cuius
829 895 954 933 noctis
994 896 1194 944 exemplar
1226 895 1373 934 similes
1407 896 1473 933 ad-

0 970 1 1025 *
116 954 329 992 struximus
364 954 461 992 alias
495 949 718 1006 pluscufglas.

204 1013 322 1050 Forte
356 1014 528 1061 quadam
561 1014 622 1051 die
655 1014 701 1051 de
734 1027 794 1051 me
820 1027 965 1063 magno
1000 1027 1116 1063 opere
1142 1014 1350 1063 Byrrhena
1383 1027 1471 1052 con-
1494 1014 1543 1049 18

113 1073 253 1121 tendit,
298 1073 403 1122 apud
448 1086 534 1110 eam
566 1074 727 1111 cenulae
766 1074 984 1122 ‹ifestspuae
1016 1075 1258 1122 interessem,
1304 1077 1342 1111 et
1381 1087 1471 1112 cum
1493 1087 1525 1111 ιδ

115 1132 315 1180 impendio
355 1144 596 1180 excusarem,
637 1133 798 1183 negauit
836 1133 1004 1170 ueniam.
1068 1146 1160 1183 ergo
1201 1133 1323 1184 igitur
1361 1133 1471 1171 Fotis

115 1194 199 1229 erat
232 1191 410 1229 adeunda
443 1192 566 1241 deque
604 1195 703 1230 nutu
736 1194 817 1229 eius
857 1192 1066 1230 consilium
1104 1192 1213 1230 uelut
1252 1193 1472 1241 auspicium

114 1251 339 1300 petendum.
415 1264 515 1299 quae
560 1264 801 1301 quamquam
844 1252 988 1299 inuita,
1041 1252 1144 1300 quod
1190 1264 1213 1288 a
1257 1265 1296 1290 se
1340 1265 1470 1302 ungue

114 1310 234 1348 latius
261 1311 497 1361 digrederer,
523 1313 655 1348 tamen
683 1311 847 1348 comiter
873 1311 1089 1348 amatoriae
1116 1311 1285 1348 militiae
1311 1311 1471 1349 breuem
1492 1325 1525 1350 20

113 1373 376 1407 commeatum
406 1370 583 1408 indulsit.
647 1371 713 1408 sed
747 1367 857 1408 ‘heus
890 1368 969 1418 tu',
1007 1371 1158 1419 inquit,
1200 1367 1309 1408 ‘caue
1341 1384 1470 1421 regre-

113 1428 221 1466 diare
259 1442 354 1467 cena
391 1431 598 1467 maturius.
661 1443 753 1467 nam
791 1442 937 1467 uesana
976 1431 1097 1468 factio
1134 1430 1471 1468 nobilissimorum

208 1554 235 1588 F
252 1555 369 1589 132²b.
398 1568 425 1599 φ
441 1558 511 1589 30“.
611 1559 631 1589 3
658 1555 695 1588 in
718 1557 911 1599 aspectum
930 1557 1233 1600 interpretantem.
1252 1560 1362 1599 putat
1386 1556 1469 1590 Colo

111 1601 151 1635 in
171 1613 210 1636 os
232 1603 403 1646 spatham
418 1602 571 1637 Elmenh
664 1604 755 1637 verb.
778 1603 905 1648 derige
926 1615 969 1637 <w
987 1614 1146 1637 sermone
1166 1604 1320 1637 militari
1338 1607 1468 1647 sumpt.

110 1650 156 1691 cf.
179 1650 364 1694 {Voelfflin
384 1651 492 1684 Arch.
514 1651 540 1693 f.
564 1651 623 1685 lat.
646 1650 736 1685 Lesa.
758 1651 799 1684 X
817 1654 839 1685 4
946 1655 966 1684 6
992 1650 1089 1684 senff
1117 1652 1172 1695 (φ)
1201 1651 1269 1693 def.
1294 1652 1469 1695 I'chmatt

111 1697 220 1731 Arch.
242 1698 291 1731 ΙΙ
304 1700 377 1732 266
407 1699 503 1741 falso
529 1699 605 1732 coll.
633 1699 733 1732 Ptin.
755 1710 790 1732 η.
817 1699 898 1733 hist.
922 1699 1109 1733 XXXVI
1124 1702 1172 1733 96
1210 1710 1271 1733 em.
1300 1699 1469 1733 Bursian

111 1746 156 1788 cf.
178 1747 311 1787 1()7,;24
433 1745 561 1779 erebra
588 1747 643 1790 (φ)
672 1757 693 1780 a
718 1749 806 1781 mut.
832 1747 874 1780 in
899 1757 919 1780 o
947 1747 991 1788 cf.
1019 1748 1126 1788 30,;21
1154 1749 1260 1788 59,1.9
1289 1748 1382 1788 7537,
1408 1746 1469 1781 sed

118 1827 235 1862 VII4
254 1829 305 1862 in.
339 1829 433 1872 apol.
456 1831 502 1863 15
528 1829 720 1873 (17,15H.)
869 1832 887 1862 7
913 1830 958 1872 cf.
981 1832 1089 1871 30,:23
1224 1833 1244 1863 8
1278 1843 1322 1872 φ;
1351 1802 1467 1872 artib3

111 1881 142 1926 (v
163 1888 209 1922 al.
228 1889 284 1932 m)
305 1888 350 1930 cf.
365 1888 672 1933 Neue-Wayener
691 1888 775 1923 Lat.
798 1888 982 1923 Formenl.
1004 1888 1044 1922 1³
1057 1900 1097 1932 p.
1120 1891 1189 1923 553
1287 1892 1306 1921 9
1335 1888 1464 1922 defeti-

111 1934 192 1979 gati
219 1947 280 1969 cm.
309 1936 386 1970 ead.
414 1947 457 1970 m.
560 1939 601 1969 10
628 1935 850 1969 hanelantel'
946 1940 986 1969 12
1014 1936 1228 1970 refouentes
1251 1937 1306 1981 (φ)
1335 1937 1398 1970 fou
1424 1948 1468 1971 ece

111 2016 158 2039 ou
183 2017 272 2040 corr.
295 2018 353 2051 pr.
381 2019 425 2040 m.
548 1992 724 2041 incitsstes
751 2018 814 2041 em.
842 2008 918 2041 ead.
946 2020 990 2042 m.
1018 2019 1062 2042 ex
1087 2007 1246 2041 incitata
1303 2020 1346 2050 tp:
1375 2006 1466 2040 inci-

108 2076 235 2110 tantes
341 2081 383 2111 15
410 2062 510 2122 qiida
536 2062 646 2112 aowld.
673 2078 751 2113 ead.
778 2090 823 2113 m.
942 2081 985 2112 16
1013 2078 1190 2125 cenuleue
1247 2092 1291 2122 tp:
1314 2063 1465 2112 ceiileue

109 2130 130 2147 ¹¹
154 2136 201 2170 al.
228 2148 273 2170 m.
301 2137 386 2171 add.
467 2137 621 2171 cenulae
647 2137 726 2172 eius
752 2149 773 2172 v
811 2137 966 2172 cenulae
1005 2149 1093 2172 suae
1121 2139 1160 2172 E
1232 2137 1384 2172 cenulae
1423 2140 1465 2171 ut

110 2183 235 2217 Rohde
295 2195 406 2218 cenae
442 2184 569 2219 lautae
601 2185 799 2219 Bluemner
853 2185 1087 2231 cenulae[ue]
1125 2186 1255 2220 Novcik
1312 2184 1464 2219 cenulae

110 2229 328 2276 <festi>uae
356 2232 414 2265 He
463 2233 506 2266 (Ie
531 2234 747 2267 coniunctio.
775 2234 819 2275 cf.
842 2235 952 2275 37,22
977 2229 1083 2275 46‚15
1111 2234 1158 2267 al.
1277 2237 1318 2266 17
1348 2232 1463 2278 (ine)

108 2277 377 2322 impedimento
404 2280 601 2314 Bluemner
747 2284 790 2314 18
816 2279 922 2314 uelut
948 2293 991 2315 ea:
1016 2280 1129 2314 uelud.
1155 2292 1218 2315 em.
1247 2281 1324 2314 ead.
1354 2292 1396 2314 m.

112 2328 154 2358 19
182 2326 292 2371 quae]
320 2338 361 2370 q3
412 2340 456 2370 cp:
484 2330 508 2371 fl
631 2331 673 2360 21
702 2338 793 2361 caue
820 2329 843 2362 i.
871 2339 897 2362 e.
926 2339 1013 2362 cura
1053 2329 1098 2371 ef.
1128 2330 1233 2370 43⁷3]
