1657 2526
269 37 444 72 APVLEI
467 36 932 72 METAMORPHOSEON
958 36 1046 72 Lm.
1067 37 1111 80 X,
1140 42 1193 72 14.
1223 41 1265 72 15
1354 39 1438 81 247

28 112 401 201 oud-suspicantibus.
454 152 495 188 at
520 149 589 187 ubi
615 149 757 186 fiducia
783 149 933 186 latendi
959 149 1134 198 pleniore
1162 151 1278 198 capta
1297 145 1442 203 partes}l
1463 112 1489 137 E

97 212 250 262 opimas
303 222 478 259 quasque
528 209 765 247 deuorabam
817 210 855 246 et
904 208 1139 246 iucundiora
1183 209 1331 260 eligens
1376 210 1441 247 ab·

95 270 326 320 ligurribam
374 269 520 317 dulcia,
565 268 735 317 suspicio
780 280 857 306 non
902 268 1013 306 exilis
1057 268 1228 305 fratrum
1272 270 1442 318 pupugit

97 329 247 367 animos
280 331 319 367 et
351 341 577 378 quanquam
616 328 662 365 de
700 340 761 365 me
799 328 898 365 nihil
931 328 1050 365 ctiam
1082 330 1167 365 tum
1198 328 1278 365 tale
1312 328 1440 366 crede-

95 390 194 437 rent,
225 391 358 426 tamen
390 388 579 426 cotidiani
611 387 745 425 damni
777 386 950 425 studiose
982 386 1236 437 uestigabant
1266 400 1387 424 reum.
1460 397 1475 423 5

183 448 248 486 Illi
268 461 363 486 uero
383 450 581 497 postremo
603 447 723 484 etiam
743 449 880 484 mutuo
901 459 983 484 sese
1003 448 1166 496 rapinae
1187 446 1441 497 turpissimae

95 507 424 551 criminabantur,
462 508 619 555 iamque
665 519 797 544 curam
836 506 1125 556 diligentiorem
1174 509 1213 544 et
1250 506 1439 544 acriorem

96 567 337 605 custodelam
371 569 410 604 et
442 566 796 604 dinumerationem
836 566 1076 604 adhibebant
1107 566 1293 615 partium.
1354 568 1441 603 tan-

26 634 76 662 704
96 627 184 665 dem
234 627 402 676 denique
447 628 565 675 rupta
605 626 843 663 uerecundia
887 626 942 663 sic
986 626 1086 663 alter
1129 625 1298 663 alterum
1340 637 1441 663 com-

94 687 234 736 pellat:
1462 695 1495 720 10

185 743 252 783 ‘At
294 745 402 784 istud
445 745 524 783 iam
569 758 695 795 neque
739 757 910 794 aequum
949 757 994 782 ac
1032 758 1078 782 ne
1110 745 1324 782 humanum
1359 746 1442 793 qui-

98 805 185 843 dem
218 805 361 843 cotidie
395 808 427 843 te
458 807 589 854 partes
624 804 826 843 electiores
861 804 1054 854 surripere
1088 806 1207 853 atque
1233 804 1281 842 iis
1308 804 1442 842 diuen-

95 865 189 903 ditis
219 865 417 915 peculium
450 865 620 902 latenter
652 877 809 914 augere,
841 864 888 901 de
919 863 1082 913 reliquis
1116 876 1282 913 aequam
1315 864 1443 901 uindi-

95 937 183 963 care
225 919 482 978 diluisionem.
546 925 579 962 si
616 924 690 961 tibi
729 923 896 973 denique
935 924 1101 962 societas
1138 923 1216 961 ista
1248 923 1442 973 displicet,

94 997 304 1034 possumus
349 984 481 1022 omnia
526 983 681 1033 quidem
727 985 856 1022 cetera
894 983 1036 1022 fratres
1074 995 1244 1030 manere,
1282 983 1331 1020 ab
1364 984 1441 1022 isto
1463 991 1494 1017 15

94 1046 227 1082 tamen
270 1057 373 1082 nexu
417 1045 703 1082 communionis
748 1043 955 1081 discedere.
1017 1056 1108 1081 nam
1146 1043 1261 1081 uideo
1299 1043 1339 1080 in
1370 1043 1441 1080 im-

94 1114 276 1142 mensum
314 1103 448 1141 damni
485 1103 760 1152 procedentem
800 1103 998 1152 querelam
1038 1102 1188 1140 nutrire
1227 1102 1339 1141 nobis
1370 1102 1441 1140 im-

94 1176 247 1201 manem
281 1160 543 1201 discordiam.'

185 1222 337 1260 Subicit
375 1223 495 1260 alius:
530 1219 662 1260 ‘laudo
701 1223 818 1260 istam
857 1224 967 1260 tuam
1008 1221 1249 1260 mehercules
1289 1223 1327 1259 et
1358 1223 1441 1271 ipse

94 1283 369 1332 constantiam,
409 1282 513 1332 quod
552 1282 693 1320 cotidie
733 1283 876 1320 furatis
908 1282 1088 1320 clanculo
1120 1281 1300 1331 partibus
1331 1294 1440 1330 prae-
1464 1290 1496 1315 20

93 1342 238 1380 uenisti
284 1342 585 1391 querimoniam,
629 1354 749 1391 quam
795 1341 1014 1379 diutissime
1059 1342 1256 1379 sustinens
1296 1342 1443 1379 tacitus

93 1401 418 1452 ingemescebam‚
450 1415 498 1439 ne
530 1402 686 1439 uiderer
717 1402 879 1451 rapinae
912 1400 1093 1439 sordidae
1124 1414 1253 1438 meum
1282 1400 1442 1438 fratrem

25 1468 75 1496 705
95 1474 269 1512 arguere.
333 1462 399 1499 sed
436 1461 545 1510 bene,
586 1461 691 1510 quod
728 1462 1039 1510 utrimquesecus
1079 1473 1255 1499 sermone
1286 1461 1443 1510 prolato

93 1522 269 1559 iacturae
295 1517 566 1571 <re>medium
608 1522 829 1570 quaeritur,
868 1533 915 1557 ne
957 1520 1114 1558 silentio
1147 1520 1360 1569 procedens
1393 1521 1442 1558 si·
1464 1531 1497 1555 24

95 1577 306 1632 mul[a]tas
340 1581 544 1618 Eteocleas
577 1581 689 1619 nobis
722 1580 991 1619 contentiones
1022 1577 1180 1629 pariat.'
1465 1591 1515 1615 191

183 1640 255 1679 His
289 1643 327 1678 et
358 1640 552 1678 similibus
586 1641 767 1678 altercati
805 1640 993 1677 conuiciis
1026 1640 1253 1677 deierantur
1283 1641 1442 1688 utrique
1466 1642 1513 1678 15

96 1700 245 1737 nullam
278 1713 317 1738 se
348 1713 508 1749 prorsus
539 1701 733 1748 fraudem7
765 1700 917 1737 nullam
950 1699 1119 1748 denique
1152 1699 1443 1749 subreptionem

189 1873 218 1907 F
239 1876 332 1907 174⁸.
360 1887 386 1917 φ
409 1877 479 1908 65³.
578 1881 595 1907 2
623 1873 765 1918 opimas
786 1876 842 1917 (φ)
869 1873 1030 1917 optimas
1058 1874 1116 1908 Hc
1214 1872 1445 1918 abligurriba

96 1920 132 1964 (b
158 1923 199 1955 in
217 1932 289 1955 ras.
316 1933 360 1955 ea:
385 1933 408 1954 u
429 1923 476 1955 al.
499 1933 542 1956 m.
564 1924 668 1966 corr.)
767 1927 784 1953 3
811 1920 972 1955 dulciter
994 1922 1076 1956 Oud
1173 1928 1191 1954 6
1217 1921 1329 1955 immo
1356 1932 1444 1955 uero

95 1969 200 2003 vdVl
231 1968 338 2002 taciti
365 1980 452 2003 uero
479 1969 553 2004 Leo
650 1977 684 2002 11
711 1969 757 2002 ad
784 1971 839 2013 (φ)
938 1976 973 2002 1-3
1001 1980 1043 2003 ac
1070 1969 1125 2013 (φ)
1152 1970 1188 2002 te
1215 1970 1373 2003 Elmewh
1398 1970 1444 2012 cf.

97 2017 190 2059 apol.
217 2018 267 2050 22
298 2018 430 2059 (26,11)
462 2017 581 2060 praef.
609 2020 652 2051 41
751 2024 786 2050 14
819 2016 847 2050 si
879 2016 949 2050 tibi
976 2018 1031 2060 (φ)
1063 2017 1135 2051 vid.
1163 2017 1209 2051 al.
1238 2028 1280 2050 m.
1309 2028 1444 2051 correae.

96 2075 140 2098 ex
165 2062 223 2100 fitt
248 2063 301 2097 ibi
397 2065 491 2099 inter
523 2064 683 2108 denique
710 2069 741 2099 et
768 2064 926 2098 societas
951 2065 1110 2108 spatium
1137 2064 1251 2099 decem
1277 2065 1350 2107 fere
1376 2065 1442 2099 litt.

93 2115 242 2155 propter
269 2112 493 2146 membranae
519 2114 747 2156 asperitatem
773 2123 924 2146 vacuum
953 2113 1062 2146 relic&
1151 2119 1185 2145 15
1213 2116 1272 2146 oia
1292 2124 1446 2157 prorsus

98 2170 198 2193 evan.
286 2165 321 2191 18
343 2158 525 2193 discordia
546 2159 680 2194 subicit
701 2161 760 2202 (αῖΔ
785 2172 827 2194 m.
848 2164 938 2194 reete
958 2160 1108 2194 (listinae.
1129 2161 1249 2202 effecto
1269 2179 1296 2181 ἢν
1317 2164 1339 2194 a
1360 2160 1381 2194 S
1433 2163 1445 2201 )

192 2213 230 2239 24
256 2206 382 2240 medifi
408 2208 463 2250 (φ)
496 2218 558 2242 em.
587 2208 746 2242 Beroald
842 2206 1034 2241 simulatas
1058 2209 1111 2251 (φ)
1145 2218 1207 2241 em.
1235 2220 1255 2242 v
1352 2215 1390 2242 25
1416 2208 1445 2242 ὦ

99 2252 242 2288 eocleas
264 2265 326 2288 em.
347 2255 392 2288 αῖ.
415 2266 459 2288 m,
557 2254 787 2297 'ctentionib3
815 2256 870 2299 (φ)
897 2267 959 2290 em.
980 2266 1000 2289 v
1109 2262 1147 2290 26
1175 2255 1342 2290 deierant
1366 2256 1446 2292 Ozcd

193 2308 228 2335 27
258 2301 492 2346 subreptione
519 2303 552 2347 (ο
573 2313 617 2337 eoe
640 2314 665 2337 u
691 2313 780 2338 corr.
807 2303 883 2338 ead.
912 2304 970 2348 m.)
