1657 2526
198 59 285 100 204
365 57 541 92 APVLEI
566 57 1033 94 METAMORPHOSEON
1058 59 1146 94 LIB.
1167 59 1280 103 VIIII,
1306 64 1336 95 2.
1359 64 1378 94 3

125 131 193 155 Oud.

192 182 317 217 rasse,
373 172 476 208 certe
531 172 735 209 uenenatis
790 172 984 209 morsibus
1041 173 1244 210 contracta
1299 186 1377 210 non
1433 174 1543 210 nulla

193 230 369 266 iumenta
425 226 704 281 effera[t]ri[a]
755 231 877 268 simili
926 230 1044 268 rabie.
1108 244 1207 279 quae
1257 244 1317 269 res
1368 233 1543 269 omnium

192 288 327 327 statim
372 290 565 338 percussit
604 290 772 337 animos,
810 291 967 338 ratique
1005 302 1066 327 me
1104 290 1222 327 etiam
1261 291 1396 329 eadem
1434 293 1543 340 peste

192 348 382 385 infectum
414 349 578 386 ferocire
612 349 778 397 arreptis
810 349 963 388 cuiusce
990 349 1096 386 modi
1122 349 1212 387 telis
1238 352 1467 399 mutuoque,
1498 353 1544 388 ut

120 416 172 439 ⁵96
193 407 356 444 exitium
385 420 588 446 commune
614 409 868 457 protelarent,
903 409 1109 456 cohortati,
1145 409 1220 457 ipsi
1245 411 1380 457 potius
1407 410 1543 447 eodem

157 467 404 504 euaesaniae
443 467 578 505 morbo
617 467 862 516 laborantes,
901 470 1166 517 persecuntur.
1223 481 1294 505 nec
1332 468 1449 506 dubio
1481 483 1542 508 me

191 526 337 564 lanceis
370 526 450 563 illis
482 526 547 563 uel
577 526 797 575 uenabulis,
830 527 949 565 immo
975 539 1069 564 uero
1097 529 1135 564 et
1160 527 1408 576 bipennibus,
1441 541 1542 577 quae

190 586 304 622 facile
344 585 483 623 famuli
516 586 933 634 subministrauerant‚
971 586 1221 624 membratim
1254 588 1542 636 compssassen‘n,

190 646 232 681 ni
264 646 440 692 respecto
474 645 596 683 subiti
626 646 793 694 periculi
825 646 983 683 turbine
1016 646 1252 694 cubiculum,
1283 647 1324 683 in
1357 659 1432 695 quo
1465 647 1541 684 mei

139 713 170 736 1⁰
192 704 341 741 domini
391 704 668 753 deuertebant,
718 705 897 754 protinus
946 706 1194 754 inrupissem.
1257 708 1350 742 tunc
1396 706 1540 744 clausis

189 763 458 812 obseratisque
503 776 619 812 super
663 777 724 802 me
762 765 911 802 foribus
952 764 1184 803 obsidebant
1221 765 1367 813 locum,
1413 766 1542 814 quoad

188 824 271 861 sine
308 823 390 861 ullo
430 824 714 872 congressionis
753 837 846 862 suae
885 825 1058 873 periculo
1096 824 1347 872 pestilentiae
1377 820 1380 877 Ι
1409 825 1540 863 letalis

187 884 383 931 peruicaci
434 883 541 920 rabie
592 896 794 932 possessus
846 897 889 921 ac
945 895 1103 932 peresus
1161 884 1395 923 absumerer.
1465 897 1540 933 quo

187 942 293 979 facto
320 942 480 980 tandem
506 942 730 980 libertatem
757 946 936 990 nanctus⁷
962 943 1165 980 solitariae
1192 943 1373 981 fortunae
1397 956 1537 981 munus

134 1010 166 1034 15
187 1001 401 1050 amplexus,
433 1013 550 1050 super
581 1004 825 1040 constratum
856 1003 1002 1040 lectum
1035 1002 1223 1048 abiectus,
1259 1004 1347 1051 post
1371 1004 1539 1040 multum

116 1069 168 1094 597
188 1061 368 1109 equidem
401 1061 589 1110 temporis
623 1074 801 1100 somnum
833 1062 1045 1099 humanum
1081 1061 1228 1111 quieui.

138 1126 161 1161 3
275 1120 438 1169 Iamque
483 1121 589 1158 clara
633 1121 695 1158 die
737 1122 903 1160 mollitie
942 1121 1100 1159 cibiculi
1137 1122 1265 1159 refota
1302 1122 1536 1160 lassitudine

184 1182 349 1230 uegetus
389 1193 534 1230 exurgo
573 1184 691 1229 atque
729 1182 837 1229 illos,
883 1182 952 1229 qui
990 1193 1098 1218 meae
1136 1181 1284 1218 tutelae
1324 1182 1536 1232 peruigiles

185 1239 366 1277 excubias
405 1239 674 1290 agitauerant‚
715 1241 893 1278 ausculto
932 1240 977 1277 de
1018 1241 1114 1277 meis
1147 1240 1202 1278 sic
1235 1241 1426 1278 altercare
1459 1241 1536 1279 for-

131 1308 164 1332 20
184 1299 309 1336 tunis:
343 1295 551 1336 ‘adhueine
584 1301 773 1338 miserum
799 1301 920 1338 istum
946 1300 1101 1337 asinum
1126 1300 1212 1349 iugi
1239 1301 1369 1338 furore
1395 1302 1537 1338 iactari

184 1358 376 1395 credimus
387 1355 419 1395 (θ’
455 1355 590 1397 ‘immo
618 1373 710 1397 uero
737 1361 818 1398 iam
843 1360 952 1397 uirus
978 1359 1218 1397 increscente
1239 1361 1407 1398 saeuitia
1427 1373 1536 1408 pror-

183 1429 247 1454 sus
287 1415 530 1456 extinctum’
595 1418 650 1457 sic
689 1420 887 1468 opinionis
929 1419 1062 1456 uariae
1100 1420 1312 1456 terminum
1345 1414 1355 1471 η
1388 1419 1435 1457 ad
1475 1433 1536 1457 ex-

181 1477 443 1524 plorationem
496 1479 702 1516 conferunt
747 1491 790 1516 ac
836 1478 881 1516 de
928 1479 1030 1516 rima
1075 1478 1245 1527 quadani
1290 1479 1538 1528 prospiciunt

182 1548 321 1574 sanum
354 1550 413 1574 me
447 1539 566 1586 atque
600 1538 772 1575 sobrium
805 1540 929 1576 otiose
964 1539 1189 1575 consistere.
1240 1539 1399 1586 iamque
1431 1539 1535 1576 ultro

128 1603 161 1629 25
182 1595 332 1633 foribus
364 1597 575 1644 patefactis
608 1597 775 1646 plenius,
809 1611 858 1635 an
889 1599 969 1635 iam
1002 1598 1075 1635 sim
1104 1600 1347 1645 mansuetus,
1381 1598 1535 1646 pericli-

111 1664 164 1688 598
185 1657 331 1692 tantur.
395 1656 460 1694 sed
500 1669 603 1694 unus
643 1670 689 1694 ex
727 1657 805 1705 his,
845 1657 891 1694 de
931 1657 1039 1694 caelo
1079 1656 1228 1694 scilicet
1265 1657 1406 1695 missus
1438 1658 1538 1695 mihi

284 1805 311 1838 F
334 1805 420 1838 164b
436 1808 529 1839 165³.
561 1820 587 1849 φ
610 1805 756 1839 56b5721.
901 1814 915 1839 1
943 1806 1115 1840 contacta
1140 1818 1159 1839 r
1184 1806 1246 1840 sed
1271 1807 1537 1841 contrahuntur

180 1877 336 1910 membra
361 1877 482 1911 morbo
580 1883 597 1910 2
624 1876 812 1911 efferat1·ia
839 1879 892 1922 (φ,
917 1878 978 1913 sed
1003 1879 1044 1912 in
1070 1889 1136 1922 my.
1159 1877 1243 1912 add.
1266 1861 1284 1911 g
1310 1876 1464 1911 efferata
1489 1890 1533 1912 m.

1027 1933 1053 1950 rl

179 1960 369 2002 recentis—3.)
397 1961 571 2002 confusae
597 1960 692 1994 duae
721 1962 884 1995 lectiones
905 1960 1058 1995 efferata
1078 1962 1123 2004 cf.
1147 1964 1227 2002 12,4
1242 1962 1361 2004 praef.
1384 1964 1428 1994 54
1449 1960 1535 1995 effe-

178 2008 260 2040 rata
287 2018 306 2040 v
334 2011 417 2041 ante
440 2009 524 2041 Colo
562 2007 708 2041 efferari
730 2008 803 2041 iam
827 2009 911 2043 Colo
950 2007 1096 2042 efferari
1120 2009 1246 2043 Novak
1343 2015 1359 2041 4
1387 2007 1534 2042 cuiusce

176 2054 220 2096 cf.
251 2057 381 2096 19()‚15
516 2062 534 2087 6
560 2055 712 2101 bei-anie¹
740 2057 794 2099 (φ)
822 2067 884 2090 em.
913 2068 933 2090 v
1038 2055 1149 2089 dubie
1176 2056 1303 2090 Petsch
1437 2062 1450 2088 7
1478 2055 1533 2089 illi

178 2102 290 2146 Beyte
410 2109 427 2135 8
456 2102 755 2146 concipulassent
784 2103 892 2138 Goetz
918 2105 962 2146 cf.
987 2106 1118 2145 168,10
1233 2111 1268 2136 1⁶2
1295 2103 1538 2138 concessionis

177 2151 230 2193 (φ)
255 2160 317 2183 em.
347 2150 439 2193 Lips
464 2151 506 2192 cf.
538 2153 670 2192 1821.»
815 2158 849 2183 13
877 2151 1088 2184 adsumerer
1140 2163 1184 2194 <pt
1214 2151 1281 2184 ass·
1319 2162 1382 2184 em.
1409 2163 1429 2185 v

176 2203 210 2229 17
239 2196 424 2230 cubiculi*
476 2211 519 2241 tp:
548 2197 731 2231 cubiculis
824 2206 860 2232 22
888 2198 1073 2233 extinctus
1103 2199 1150 2232 vd
1161 2199 1208 2232 Vl
1234 2198 1335 2232 uirus
1360 2203 1449 2233 recte
1463 2209 1533 2242 pro

174 2246 322 2289 genetiva
335 2246 556 2288 interpretat.
632 2245 885 2289 exploratione
901 2247 1032 2289 (prior.
1050 2257 1069 2279 ο
1088 2248 1280 2288 cracow.)
1378 2252 1414 2278 24
1429 2256 1533 2279 man-

176 2315 363 2349 suefactus
390 2316 440 2350 ed.
470 2317 578 2350 Basil
680 2309 897 2360 periclitant
923 2320 978 2361 (qn)
1005 2318 1053 2351 al.
1082 2328 1125 2351 m.
1153 2328 1242 2352 corr.
1271 2318 1311 2351 in
1336 2307 1531 2362 pei-cotani:
