1657 2526
39 158 108 183 oud.

37 264 90 291 371

39 1094 92 1120 372

41 1569 94 1595 373

283 82 459 116 APVLEI
486 81 957 117 METAMORPHOSEON
983 81 1070 115 LIB.
1093 81 1134 125 V,
1163 85 1217 115 27.
1248 86 1289 115 28
1380 82 1462 123 125

1488 155 1511 178 tc

108 207 242 233 rursus
276 194 496 232 errabundo
530 194 654 245 gradu
686 195 869 243 peruenit
893 190 905 244 ΙΙ
931 193 980 231 ad
1014 193 1217 231 ciuitatem
1251 194 1382 241 aliam,
1422 195 1463 231 in
1486 203 1518 227 νῦ

111 267 188 304 qua
220 255 308 303 pari
339 253 455 292 modo
488 266 600 291 soror
632 253 861 291 morabatur
894 253 983 290 alia.
1047 265 1117 290 nec
1150 254 1272 290 setius
1306 255 1346 289 et
1377 254 1464 301 ipsa

109 314 268 351 fallacie
302 313 578 363 germanitatis
611 313 774 350 inducta
804 314 842 350 et
875 313 913 349 in
947 313 1091 350 sororis
1124 312 1335 350 sceleratas
1367 325 1464 360 nup-

111 375 187 411 tias
227 372 381 410 aemula
419 372 627 410 festinauit
665 372 714 409 ad
759 372 961 420 scopulum
1000 371 1119 419 inque
1161 371 1289 409 simile
1327 373 1466 409 mortis

109 433 274 469 exitium
307 431 459 469 cecidit.
1506 453 1519 469 a

199 491 376 539 Interim,
409 491 501 528 dum
528 490 678 539 Psyche
711 490 950 539 quaesitioni
978 489 1185 538 Cupidinis
1217 491 1372 527 intenta
1399 502 1467 538 po-
1489 490 1538 524 ‘38

109 551 225 600 pulos
259 550 504 598 circumibat,
537 546 617 600 [at]
644 550 711 587 ille
744 550 908 587 uulnere
940 550 1123 587 lucernae
1151 549 1286 587 dolens
1313 551 1354 586 in
1380 550 1466 598 ipso

111 610 288 648 thalamo
320 610 458 647 matris
490 610 621 647 iacens
653 609 889 659 ingemebat.
952 611 1046 646 tunc
1079 610 1165 647 auis
1203 608 1366 657 peralba
1397 608 1468 646 illa

110 669 240 720 gauia,
279 682 378 717 quae
412 682 530 717 super
561 669 704 706 fluctus
737 670 910 706 marinos
943 669 1075 717 pinnis
1108 670 1233 715 natat,
1275 668 1469 717 demergit

111 741 192 766 sese
225 741 391 777 propere
424 728 473 766 ad
498 727 646 766 Oceani
677 728 917 777 profundum
943 727 1146 779 gremium.
1210 727 1265 764 ibi
1298 740 1466 765 commo-
1489 742 1522 766 10

110 788 204 825 dum
236 788 431 826 Venerem
475 788 677 825 lauantem
720 790 1003 836 natantemque
1044 789 1208 836 propter
1240 782 1245 838 Ι
1281 787 1468 825 assistens

108 847 261 886 indicat
293 847 478 885 adustum
510 847 635 884 filium
669 846 764 894 eius,
790 849 905 896 graui
930 847 1104 885 uulneris
1133 846 1265 884 dolore
1292 859 1468 884 maeren-

110 910 203 954 tem,
235 907 398 944 dubium
430 907 570 945 salutis
597 907 724 944 iacere
751 898 909 955 iamque
942 919 1011 955 per
1043 908 1273 944 cunctorum
1306 919 1375 943 ora
1400 919 1468 955 po-

110 967 293 1016 pulorum
339 966 563 1004 rumoribus
614 966 882 1015 conuiciisque
937 966 1061 1003 uariis
1106 979 1259 1003 omnem
1305 965 1468 1003 Veneris

109 1026 304 1064 familiam
337 1026 439 1063 male
473 1025 621 1073 audire,
653 1025 759 1074 quod
784 1026 852 1063 ille
880 1025 1040 1074 quidem
1065 1028 1254 1063 montano
1281 1027 1469 1071 scortatu‚
1490 1039 1523 1064 15

111 1087 157 1122 tu
190 1098 283 1123 uero
315 1086 470 1123 marino
502 1087 644 1123 natatu
675 1086 912 1123 secesseritis
947 1097 993 1122 ac
1019 1098 1089 1133 per
1120 1085 1193 1122 hoc
1225 1097 1303 1122 non
1329 1085 1469 1133 uolup-

110 1151 173 1182 tas
205 1145 301 1191 ulla,
333 1158 411 1182 non
443 1145 586 1195 gratia,
618 1157 695 1182 non
728 1145 849 1193 lepos,
883 1145 950 1182 sed
982 1144 1186 1192 incompta
1227 1146 1265 1181 et
1297 1145 1471 1193 agrestia

111 1208 149 1242 et
182 1204 342 1242 horrida
374 1206 515 1242 cuncta
548 1206 638 1252 sint,
682 1217 759 1241 non
793 1205 955 1253 nuptiae
990 1205 1229 1254 coniugales⁷
1262 1216 1337 1241 non
1374 1204 1470 1242 ami-

112 1265 228 1301 citiae
250 1264 426 1311 sociales,
441 1277 518 1302 non
539 1264 707 1301 liberum
729 1265 929 1312 caritates,
950 1263 1017 1302 sed
1034 1294 1114 1302 .....
1131 1264 1301 1302 enormis
1323 1264 1470 1301 cluuies

113 1326 152 1361 et
195 1323 462 1372 squalentium
503 1323 706 1361 foederum
755 1324 923 1361 insuaue
962 1323 1179 1361 fastidium.
1254 1323 1350 1361 haec
1399 1323 1471 1360 illa
1492 1337 1525 1361 ευ

111 1383 279 1420 uerbosa
311 1385 350 1420 et
381 1383 478 1421 satis
518 1384 673 1421 curiosa
711 1385 796 1420 auis
828 1384 870 1420 in
913 1383 1074 1420 auribus
1105 1382 1271 1420 Veneris
1303 1378 1468 1433 fili[um]

111 1442 290 1480 lacerans
317 1443 650 1480 existimationem
676 1442 901 1492 ganniebat.
954 1445 995 1480 at
1015 1442 1150 1480 Venus
1171 1443 1276 1480 irata
1302 1442 1468 1480 solidum

113 1502 308 1539 exclamat
339 1504 516 1551 repente:
555 1499 671 1552 “ergo
704 1502 785 1540 iam
816 1503 884 1539 ille
916 1502 1041 1540 bonus
1075 1502 1177 1539 filius
1211 1514 1319 1539 meus
1352 1501 1472 1539 habet

114 1562 283 1599 amicam
304 1560 507 1610 aliquam?
558 1574 693 1610 prome
721 1558 957 1612 agedu<m>,
984 1574 1085 1610 quae
1112 1562 1195 1599 sola
1222 1562 1321 1598 mihi
1346 1561 1470 1599 seruis

114 1623 304 1668 amanter,
324 1634 466 1658 nomen
487 1623 581 1668 eius,
602 1634 702 1670 quae
726 1634 892 1670 puerum
917 1618 1188 1671 ingen<zc>um
1212 1623 1251 1658 et
1277 1623 1471 1659 inuestem
1492 1634 1524 1659 25

208 1722 235 1755 F
258 1726 358 1756 148⁸.
399 1736 426 1766 φ
454 1722 597 1756 4313448.
806 1726 825 1756 6
864 1722 1036 1757 Interidfi
1071 1724 1126 1768 (φ)
1160 1722 1348 1757 interdum
1388 1723 1472 1757 C'olv

113 1772 158 1812 es.
181 1772 289 1811 5220
321 1772 453 1812 &5,26;
491 1773 617 1809 174,15
802 1773 820 1803 7
855 1772 894 1804 at
956 1784 1000 1815 tp:
1029 1772 1068 1813 at
1093 1771 1158 1805 del.
1187 1770 1328 1814 Sciopp.

114 1820 134 1851 8
174 1817 253 1851 auis
293 1817 359 1852 del.
387 1818 432 1852 H
443 1818 600 1853 Mueller
819 1821 860 1851 12
897 1820 1126 1853 marcentem
1163 1818 1209 1852 να
1221 1819 1268 1852 Vl
1319 1828 1471 1862 aegren-

113 1867 190 1899 tem
218 1865 441 1900 Cornelissen
629 1868 671 1900 13
699 1866 879 1900 cunctarfi
905 1868 941 1910 (a
966 1871 1052 1901 mut.
1080 1868 1121 1900 in
1147 1868 1181 1911 o)
1208 1877 1270 1900 em.
1299 1879 1326 1909 φ

116 1928 159 1958 14
186 1919 306 1959 omem
331 1926 356 1969 ζ·
382 1926 486 1969 eras.)
611 1930 653 1959 15
680 1924 889 1959 malaudire
915 1925 1113 1968 Kirc‘hhoff
1240 1928 1282 1958 19
1298 1930 1383 1970 post
1408 1925 1474 1959 sed

113 1974 262 2017 yenetz'v.
289 1974 405 2007 omiss.
428 1977 539 2017 putat
565 1972 668 2007 lel
764 1972 913 2018 gluuies
934 1974 989 2017 (φ)
1017 1974 1063 2007 αῖ.
1092 1985 1136 2007 m.
1158 1984 1326 2017 praepos.
1353 1977 1368 2006 i
1387 1973 1472 2007 add.

116 2019 259 2053 cluuies
279 2021 380 2055 Jahn
406 2022 451 2063 cf.
475 2023 605 2078 1211(
641 2020 783 2055 eluuies
805 2021 967 2055 Beroald
992 2022 1036 2063 cf.
1055 2024 1138 2063 6,17
1163 2020 1314 2054 illuuies
1337 2021 1475 2055 lVower

115 2105 161 2145 cf.
185 2106 294 2145 1523
464 2107 505 2137 21
534 2089 608 2136 filiv
635 2103 719 2138 add.
746 2104 822 2138 ead.
856 2116 900 2138 m.
928 2108 961 2138 et
987 2117 1014 2147 φ
1065 2116 1127 2138 em.
1157 2104 1241 2139 Colsv
1279 2103 1347 2137 filii
1372 2103 1474 2137 unici

119 2151 253 2185 Gruter
290 2150 343 2184 fili
382 2149 591 2185 inlacerans
624 2152 773 2186 Pontcm
810 2152 855 2194 cf.
889 2154 927 2185 X
937 2155 983 2185 10
1015 2152 1103 2186 med.
1155 2152 1250 2186 Suet.
1293 2151 1392 2186 Caes.
1428 2154 1472 2185 75

116 2200 240 2241 (30,37
268 2198 376 2242 Roth)
497 2202 541 2232 23
569 2209 656 2243 ergo
683 2200 717 2243 (o
744 2210 787 2233 ex
807 2209 829 2233 a
848 2200 953 2243 corr.)
1062 2198 1157 2241 bon;
1184 2199 1262 2233 ead.
1289 2211 1334 2233 m.
1361 2210 1474 2243 supra

117 2245 180 2280 lm.
208 2244 294 2280 add.
321 2250 353 2280 et
377 2247 464 2290 quia
490 2258 531 2289 n3
570 2257 644 2281 mm
675 2247 765 2281 satis
790 2246 972 2291 liquidum
998 2251 1085 2285 erat,
1118 2248 1158 2281 in
1184 2259 1251 2292 my.
1278 2247 1363 2281 add.
1390 2258 1432 2288 ng

166 2297 210 2327 24
235 2305 266 2341 (p
292 2303 374 2327 meo
400 2293 500 2338 gedu
527 2294 580 2337 (φ,
604 2294 666 2329 sed
691 2306 754 2328 em.
782 2295 830 2328 al.
850 2295 910 2338 m.)
1032 2294 1113 2339 24ss5
1140 2305 1211 2338 que
1239 2294 1475 2328 sola—nom

118 2343 153 2386 ej
175 2341 219 2375 αἱ)
234 2341 281 2375 al.
296 2352 340 2375 rm.
358 2341 453 2376 linea
467 2342 572 2383 infra
586 2341 680 2376 duct.
696 2342 794 2376 delet.
919 2345 962 2375 25
978 2341 1115 2386 ingenii
1131 2343 1184 2386 (cp,
1200 2342 1260 2376 sed
1275 2353 1336 2376 em.
1353 2342 1399 2376 al.
1415 2343 1474 2385 m.)
