1657 2526
188 90 270 131 186
340 89 515 124 APVLEI
540 88 1007 123 METAMORPHOSEON
1033 89 1120 123 LIB.
1142 89 1237 132 VIH,
1265 93 1318 123 11.
1347 94 1390 124 12

111 164 182 187 Oud.

110 211 165 234 539
186 204 221 240 ei
254 203 389 239 furtim
418 202 660 250 depromptis
688 201 875 238 calicibus
903 203 941 238 et
967 202 1164 248 oenoforo⁷
1197 202 1301 249 quod
1326 202 1536 239 inmixtum

184 263 276 299 uino
327 262 588 310 soporiferum
640 260 800 310 gerebat
849 273 1061 307 uenenum⁷
1113 261 1257 298 crebris
1307 261 1534 309 potionibus

184 321 298 358 auide
332 333 376 357 ac
415 333 546 358 secure
586 320 832 357 haurientem
869 320 1036 357 mentita
1075 319 1255 357 dominae
1292 319 1535 367 tarditatem,

185 380 298 428 quasi
342 382 546 429 parentem
591 378 786 417 adsideret
831 381 1052 428 aegrotum,
1099 379 1215 416 facile
1259 379 1443 427 sepeliuit
1488 379 1536 416 ad

148 460 164 476 ³
184 452 373 477 somnum.
431 440 587 487 iamque
621 451 664 476 eo
699 438 748 475 ad
780 450 912 476 omnes
945 437 1110 476 iniurias
1144 439 1319 486 exposito
1354 451 1398 476 ac
1429 439 1536 487 supi-

184 500 276 536 nato
310 498 561 535 introuocata
597 497 755 534 Charite
787 498 971 535 masculis
1010 497 1150 535 animis
1189 499 1418 546 impetuque
1452 498 1536 535 diro

184 558 353 595 fremens
385 557 542 594 inuadit
575 569 619 594 30
652 557 876 605 supersistit
907 557 1103 594 sicarium.

114 615 163 649 12
273 612 394 663 “En⁷⁷,
427 616 574 664 inquit,
607 612 730 653 “fidus
763 616 940 665 coniugis
984 615 1061 653 mei
1103 628 1242 662 0011103,
1287 628 1334 652 011
1372 616 1538 653 uenator

185 677 383 726 egregius⁷
416 688 463 713 en
496 688 608 712 carus
640 676 817 712 maritus.
880 675 976 712 haec
1014 677 1073 713 est
1110 675 1180 712 illa
1220 674 1395 722 dextera,
1437 687 1538 722 quae

132 748 165 772 10
184 748 315 772 meum
360 736 593 785 sanguinem
634 734 748 782 fudit,
791 735 864 773 hoc
907 736 1060 783 pectus⁷
1106 734 1208 783 quod
1254 728 1537 785 fraudulenJstas

187 794 370 844 ambages
402 794 444 831 in
476 807 606 831 meum
638 794 894 831 concinnauit
926 794 1108 841 exitium,
1142 793 1246 831 oculi
1278 794 1363 840 isti,
1396 793 1537 842 quibus

185 854 287 891 male
326 854 477 902 placui,
522 854 590 902 qui
632 853 801 901 quodam
840 853 955 891 modo
994 853 1147 890 futuras
1189 852 1368 890 tenebras
1407 852 1539 900 auspi—

114 921 169 945 540
189 915 321 950 cantes
372 914 574 950 uenientes
626 925 771 961 poenas
829 912 1076 949 antecedunt.
1158 912 1312 961 quiesce
1370 923 1540 958 300111113,

186 972 298 1010 beate
319 972 524 1010 somniare.
570 985 648 1009 non
668 984 739 1021 ego
760 968 848 1021 (te)
869 971 1014 1022 gladio,
1034 984 1112 1008 non
1133 972 1235 1008 ferro
1255 972 1406 1020 petam3
1427 970 1540 1017 absit⁷

134 1044 165 1069 15
186 1034 231 1069 ut
262 1032 384 1069 simili
414 1032 552 1068 mortis
585 1044 726 1080 genere
759 1044 846 1068 cum
878 1032 1021 1068 marito
1053 1043 1140 1068 meo
1173 1030 1415 1078 coaequeris:
1447 1031 1540 1067 uiuo

186 1090 260 1128 tibi
292 1092 510 1128 morientur
542 1091 648 1128 oculi
679 1103 748 1128 nec
782 1091 993 1139 quicquam
1026 1090 1177 1127 uidebis
1216 1090 1294 1127 nisi
1331 1089 1540 1126 dormiens.

188 1152 290 1198 faxo,
323 1150 539 1187 feliciorem
568 1162 702 1188 necem
734 1151 887 1187 inimici
917 1151 978 1187 tui
1011 1161 1129 1198 quam
1155 1149 1282 1186 uitam
1312 1151 1424 1186 tuam
1457 1160 1541 1185 sen·

186 1211 274 1248 tias.
337 1210 469 1247 lumen
513 1210 616 1247 certe
654 1222 732 1246 non
776 1209 940 1257 uidebis,
981 1221 1100 1246 manu
1140 1209 1294 1246 comitis
1336 1206 1541 1257 indigebis,

188 1267 376 1306 Chariten
419 1282 498 1306 non
538 1268 706 1317 tenebis,
758 1268 916 1317 nuptias
966 1282 1044 1306 non
1088 1268 1248 1314 frueris⁷
1289 1279 1359 1304 nec
1402 1267 1540 1304 mortis

134 1342 169 1366 20
190 1328 321 1376 quiete
353 1328 587 1366 recreaberis
620 1340 690 1365 nec
723 1329 829 1365 uitae
870 1328 1075 1376 uoluptate
1114 1327 1340 1374 laetaberis,
1379 1326 1445 1363 sed
1483 1327 1540 1363 in-

189 1389 338 1425 certum
371 1388 626 1425 simulacrum
658 1387 805 1425 errabis
838 1388 942 1424 inter
975 1385 1120 1424 Orcum
1159 1388 1198 1424 et
1238 1386 1359 1424 solem
1398 1387 1436 1422 et
1475 1385 1542 1422 diu

190 1459 353 1495 quaere-s
381 1447 592 1494 dexteram⁷
627 1459 726 1495 quae
753 1448 842 1484 tuas
869 1447 1112 1496 expugnauit
1138 1446 1322 1495 pupulas⁷
1356 1444 1541 1493 quodque

190 1509 249 1543 est
280 1507 322 1543 in
355 1519 542 1543 aerumna
574 1506 848 1553 miserrimum,
881 1505 1028 1544 nescies
1061 1505 1107 1542 de
1140 1518 1217 1554 quo
1251 1505 1436 1553 queraris.
1501 1506 1542 1540 at

117 1574 170 1598 541
190 1578 261 1615 ego
295 1565 499 1614 sepulchro
532 1567 609 1602 mei
641 1565 860 1614 Tlepolemi
897 1567 965 1602 tuo
1004 1565 1198 1602 luminum
1237 1575 1371 1601 cruore
1409 1562 1541 1600 libabo

136 1637 169 1662 25
191 1627 229 1662 et
261 1626 406 1662 sanctis
440 1625 621 1662 manibus
654 1626 738 1662 eius
771 1625 858 1662 istis
897 1625 1019 1662 oculis
1058 1623 1285 1673 parentabo.
1348 1622 1415 1660 sed
1448 1621 1543 1670 quid

191 1697 301 1721 mora
327 1685 517 1733 temporis
544 1684 707 1733 dignum
735 1684 953 1721 cruciatum
979 1684 1145 1721 lucraris
1172 1685 1212 1720 et
1236 1694 1342 1719 meos
1374 1682 1542 1719 forsitan

190 1743 265 1780 tibi
301 1744 509 1792 pestiferos
550 1743 781 1793 imaginaris
821 1741 1053 1792 amplexus?
1103 1742 1248 1780 relictis
1287 1741 1542 1779 somnolentis

189 1802 361 1840 tenebris
407 1802 454 1839 ad
500 1802 621 1840 aliam
665 1803 872 1851 poenalem
920 1802 1067 1852 euigila
1111 1801 1333 1851 caliginem.
1408 1799 1541 1837 attolle

190 1875 360 1899 uacuam
391 1862 550 1909 faciem,
589 1862 808 1899 uindictam
839 1873 1088 1911 recognosce,
1126 1860 1390 1898 infortunium
1427 1858 1542 1896 inte]-

117 1929 172 1953 542
190 1920 289 1971 lege,
322 1933 529 1958 aerumnas
562 1923 756 1970 computa.
819 1921 875 1958 sic
906 1920 1071 1970 pudicae
1109 1920 1266 1957 mulieri
1296 1918 1355 1955 tui
1386 1918 1542 1967 placue-

138 1994 170 2018 31
191 1983 284 2017 runt
316 1981 430 2028 oculi,
464 1982 518 2017 sic
551 1981 654 2018 faces
687 1980 885 2029 nuptiales
913 1982 1001 2018 tuos
1033 1980 1309 2017 illuminarunt
1335 1977 1540 2015 thalamos.

287 2105 314 2137 F
338 2104 526 2139 160b16122.
555 2118 581 2148 φ
604 2104 678 2139 531³.
779 2109 820 2139 12
849 2104 923 2138 13111
949 2104 1093 2138 futuras
1120 2103 1225 2139 vdVl
1262 2103 1337 2137 cod.
1359 2103 1471 2137 Dorv.
1493 2113 1542 2136 se-

192 2157 297 2187 cutus
420 2155 462 2185 14
490 2163 558 2197 ego
586 2152 680 2199 <te>
710 2152 946 2197 Kronenbery
1069 2154 1112 2185 20
1139 2149 1366 2184 recreaberis
1387 2149 1424 2194 (b
1451 2160 1495 2183 ex
1519 2160 1544 2182 u

193 2201 239 2234 al.
267 2212 311 2234 m.
339 2203 443 2243 corr.)
554 2199 733 2246 letaberis
755 2200 791 2244 (b
818 2211 862 2234 σω
886 2211 910 2232 11
937 2199 984 2234 αἶ.
1011 2211 1055 2233 m.
1083 2200 1186 2242 corr.)
1309 2201 1352 2231 22
1381 2196 1543 2240 quereris

194 2247 320 2281 Petsch
419 2251 462 2280 24
490 2247 595 2293 (ad)
623 2247 833 2291 sepulcrum
867 2247 1006 2281 Wozeer
1054 2245 1248 2290 sepulchra
1276 2246 1330 2289 (φ)
1357 2247 1380 2277 ᾖ
1406 2244 1447 2278 in
1472 2254 1543 2278 ras.

194 2295 241 2328 al.
269 2306 312 2328 m.
365 2294 560 2338 sepulchro
589 2295 646 2329 He
672 2295 716 2337 cf.
739 2297 878 2338 91,9sq.
1043 2297 1087 2327 28
1115 2304 1157 2327 30
1183 2295 1224 2326 tu
1251 2292 1289 2325 in
1317 2294 1348 2337 (c
1374 2294 1415 2325 tu
1440 2291 1478 2324 in
1508 2291 1545 2324 m

193 2353 264 2376 ras.
293 2343 339 2376 al.
367 2353 411 2376 m.
439 2353 517 2384 scr„
544 2343 615 2385 fnit
643 2353 709 2376 a..
728 2341 783 2376 ,10
853 2355 897 2385 cp:
926 2340 1042 2375 attale
1069 2352 1132 2376 em.
1158 2353 1179 2376 v

1561 918 1612 943 142
