1657 2526
117 140 177 163 (md

109 306 162 330 622

181 68 276 109 '214
334 65 506 103 APVLFJI
531 64 992 100 METAMORPHOSEON
1019 64 1106 98 LIB.
1133 63 1237 106 vnn,
1267 68 1318 98 15.
1350 68 1391 98 16

181 180 322 217 sistens
362 178 524 216 iubebat
564 177 740 215 incoram
782 178 843 215 sui
881 178 1020 226 plagas
1059 177 1157 214 mihi
1190 190 1303 225 quam
1338 176 1532 225 plurimas

182 238 363 288 irrogari,
409 247 448 275 et
491 250 577 275 cum
621 236 858 285 tempestiuo
896 236 1064 285 prandio
1096 237 1325 273 laxarentur
1356 236 1533 273 iumenta

183 299 331 344 cetera,
372 298 488 346 longe
526 296 678 334 tardius
718 295 911 345 applicari
950 295 1154 344 praesepio
1197 294 1369 333 iubebat.
1433 307 1531 343 quae

182 356 353 394 saeuitia
384 357 511 393 multo
543 355 639 392 mihi
672 355 799 405 magis
831 356 1045 404 genuinam
1078 353 1349 392 curiositatem
1375 354 1416 390 in
1443 366 1532 391 suos

151 424 167 449 5
185 429 312 454 mores
351 416 626 464 ampliauerat.
688 427 779 451 nam
819 416 858 451 et
896 414 1061 452 adsiduo
1099 414 1216 462 plane
1249 415 1530 451 commeantem

130 722 162 746 10

131 1018 161 1042 15

110 1078 163 1102 623

112 1308 161 1342 16

129 1375 158 1399 21

130 1613 162 1638 25

182 476 221 512 in
255 477 336 512 eius
377 474 601 512 cubiculum
640 473 837 523 quendam
876 473 1092 511 sentiebam
1124 474 1319 520 iuuenem,
1352 473 1462 510 cuius
1495 474 1533 509 et

183 536 322 572 faciem
354 534 490 571 uidere
523 533 732 582 cupiebam
764 546 809 570 ex
841 545 991 570 summo
1025 532 1167 582 studio,
1201 533 1234 570 si
1265 534 1399 569 tamen
1425 532 1531 569 uela-

182 596 354 631 mentum
401 593 543 642 capitis
591 592 813 630 libertatem
850 591 1055 630 tribuisset
1092 592 1188 630 meis
1227 591 1441 640 aliquando
1475 591 1530 627 lu-

182 653 362 690 minibus.
426 665 497 690 nec
535 651 639 690 enim
670 652 770 689 mihi
801 651 979 689 sollertia
1010 651 1200 689 defuisset
1231 651 1280 688 ad
1312 649 1530 701 detegenda

182 725 343 762 quoquo
406 712 521 749 modo
584 712 776 760 pessimae
834 712 1002 748 feminae
1059 710 1224 761 flagitia.
1311 709 1376 747 sed
1435 722 1531 747 anus

182 768 444 823 quae[n]dam
477 767 763 821 stupr(0r>um
801 772 1004 819 sequestra
1038 772 1075 808 et
1113 770 1381 807 adulterorum
1412 768 1531 806 inter-

182 832 323 869 nuntia
354 831 401 868 de
434 831 495 868 die
529 830 672 868 cotidie
704 830 983 879 inseparabilis
1016 829 1162 867 aderat.
1220 842 1308 866 cum
1340 841 1419 877 qua
1444 841 1531 877 pro-

182 892 288 928 tinus
320 891 518 928 ientaculo
552 902 597 928 ac
629 889 767 927 dehinc
799 889 893 927 uino
925 884 1043 939 mesro
1075 889 1222 926 mutuis
1255 887 1410 925 uicibus
1436 888 1533 925 ueli-

182 951 268 988 tata
313 962 472 987 scaenas
516 949 790 987 fraudulentas
842 948 883 986 in
931 948 1095 986 exitium
1145 947 1354 985 miserrimi
1396 947 1531 984 mariti

183 1009 357 1048 subdolis
400 1008 632 1058 ambagibus
666 1008 928 1046 construebat.
991 1009 1034 1045 at
1065 1021 1149 1058 ego,
1183 1019 1412 1056 quanquam
1444 1019 1532 1057 gra-

182 1069 286 1106 uiter
318 1081 546 1107 suscensens
580 1067 702 1106 errori
728 1067 894 1116 Fotidis,
928 1080 1027 1116 quae
1054 1080 1127 1115 me,
1153 1066 1246 1103 dum
1273 1078 1387 1103 auem
1412 1065 1531 1103 fabri-

182 1130 258 1176 cat,
283 1123 293 1181 Η
319 1128 485 1177 perfecit
517 1129 683 1175 asinum,
714 1128 791 1165 isto
818 1128 952 1164 tamen
978 1127 1041 1164 uel
1067 1126 1182 1163 unico
1209 1125 1354 1163 solacio
1382 1139 1531 1162 aerum-

182 1187 326 1226 nabilis
364 1187 630 1225 deformitatis
668 1199 778 1224 meae
819 1186 1044 1235 recreabar,
1083 1185 1189 1234 quod
1222 1185 1384 1222 auribus
1417 1197 1530 1234 gran-

182 1247 354 1286 dissimis
393 1247 594 1295 praeditus
635 1248 778 1284 cuncta
814 1246 975 1295 longule
1018 1246 1138 1283 etiam
1170 1244 1310 1282 dissita
1342 1244 1531 1282 facillime

182 1306 410 1345 sentiebam.
474 1306 642 1355 denique
684 1306 747 1343 die
786 1305 956 1354 quadam
996 1302 1259 1355 <in>timidae
1300 1304 1407 1342 illius
1450 1303 1531 1341 ani-

183 1367 293 1404 culae
325 1378 451 1404 sermo
483 1365 577 1403 talis
609 1377 716 1403 meas
748 1365 926 1402 adfertur
958 1366 1082 1402 auris:

272 1422 346 1463 ‘De
379 1425 454 1463 isto
487 1425 659 1474 quidem,
692 1424 744 1461 mi
778 1424 903 1472 erilis,
941 1426 1071 1461 tecum
1107 1424 1196 1473 ipsa
1221 1423 1380 1470 uideris⁷
1412 1435 1530 1472 quem

182 1487 265 1523 sine
309 1497 395 1523 meo
445 1484 609 1522 consilio
659 1484 817 1533 pigrum
862 1486 900 1521 et
943 1482 1244 1521 formidulosum
1294 1481 1531 1519 familiarem

183 1545 303 1583 istum
341 1545 484 1583 sortita
522 1557 573 1592 es,
607 1543 674 1592 qui
706 1542 885 1581 insuauis
918 1545 957 1580 et
989 1543 1115 1580 odiosi
1145 1541 1280 1579 mariti
1311 1542 1372 1578 tui
1398 1553 1531 1590 caper-

184 1606 315 1642 ratum
342 1604 597 1653 supercilium
623 1603 825 1653 ignauiter
850 1603 1115 1660 perhorrescit
1142 1614 1185 1639 ac
1206 1614 1275 1650 per
1293 1601 1366 1639 hoc
1387 1600 1531 1638 amoris

277 1754 304 1787 F
327 1753 516 1788 166121672.
544 1767 570 1798 φ
592 1752 666 1787 58‘1.
765 1760 782 1786 2
814 1751 972 1797 irrogari
1004 1753 1056 1796 (ro
1090 1755 1121 1786 et
1147 1763 1168 1784 a
1193 1751 1240 1785 al.
1268 1762 1312 1785 m.
1339 1761 1424 1793 scr„
1455 1751 1532 1793 fuit

183 1825 375 1869 inm-geri>
421 1839 466 1869 ‘30²
487 1824 667 1869 irourgeri
733 1824 811 1867 suit
824 1824 864 1857 in
878 1812 1087 1868 circhetypo:
1107 1806 1270 1866 iiiiirg‘eri
1295 1822 1340 1865 cf.
1352 1822 1470 1865 praef.
1487 1824 1532 1856 54

230 1872 388 1918 irrogari
405 1884 426 1907 v
520 1879 538 1905 3
565 1871 748 1916 applicari
768 1872 889 1916 (prior
914 1883 937 1915 p
958 1882 1002 1905 επ
1020 1883 1044 1904 u
1063 1881 1153 1905 corr.
1174 1871 1221 1904 al.
1243 1871 1301 1912 m.)
1347 1883 1390 1913 qo:
1412 1868 1530 1913 anpli-

185 1920 259 1954 cari
292 1922 329 1965 (n
355 1924 441 1955 mut.
468 1921 509 1954 in
534 1921 585 1963 m)
681 1918 836 1953 iubebat
861 1919 927 1953 del.
954 1918 1001 1952 vd
1012 1919 1059 1952 Vl
1156 1924 1174 1951 4
1204 1917 1243 1951 in
1277 1916 1360 1951 suos
1381 1917 1437 1961 (φ)
1462 1918 1531 1951 litt.

184 1968 221 2001 in
248 1968 309 2002 suo
335 1969 444 2011 refict.
543 1974 579 2000 10
606 1978 671 2009 an3
705 1967 760 2010 (φ)
788 1976 810 2000 a
832 1970 912 2010 post
937 1977 1008 2000 ras.
1036 1966 1083 1999 al.
1111 1977 1156 1999 «m.
1182 1976 1248 2000 scr.
1347 1971 1380 1997 11
1406 1963 1530 2007 queda

184 2016 240 2059 (φ)
273 2015 321 2049 da
348 2017 395 2050 al.
422 2027 467 2049 m.
493 2026 584 2051 corr.
611 2026 655 2049 cm
685 2014 760 2048 ndi}
869 2014 995 2057 stupui
1026 2015 1080 2057 (φ)
1121 2012 1237 2056 stupri
1263 2024 1282 2046 v
1322 2013 1530 2056 stuprorum

184 2063 316 2097 Novak
389 2062 580 2106 sequestr&
631 2076 675 2106 cp:
698 2060 877 2105 sequestre
898 2072 960 2096 em.
981 2072 1010 2095 υ.
1111 2059 1379 2094 adulteriorum
1399 2059 1531 2103 Sciopp

279 2121 365 2168 13ss'14
396 2111 570 2156 uelitatar
585 2131 587 2167 ς
607 2131 715 2167 cenas
741 2120 818 2155 ead.
845 2132 891 2154 m.
911 2109 925 2133 s
942 2120 1026 2154 add.
1078 2124 1167 2154 recte
1193 2119 1342 2154 distinoe.
1371 2118 1532 2153 Beroald

279 2176 314 2202 19
347 2170 478 2215 cuncte
505 2171 565 2212 (φ,
596 2169 657 2203 sed
682 2180 744 2202 em.
772 2168 818 2202 al.
846 2169 905 2210 m.)
1003 2174 1041 2200 ‘20
1067 2167 1197 2213 timide
1224 2168 1278 2211 (φ)
1304 2177 1368 2200 em.
1395 2167 1453 2200 He
1485 2167 1529 2209 cf.

185 2218 265 2258 621
299 2216 465 2251 tinnulae
499 2217 621 2251 W'asse
666 2214 838 2250 madidae
872 2215 991 2249 Heius
1027 2213 1165 2248 uuidae
1197 2213 1328 2258 Sciopp
1365 2212 1531 2247 tumidae

184 2264 280 2298 Hz'lcl
386 2271 422 2297 22
454 2263 578 2309 quem]
616 2273 711 2306 quae
739 2262 876 2299 Wower
913 2261 1009 2308 quod
1046 2261 1170 2297 Rohde
1207 2265 1371 2309 (propter
1401 2261 1472 2297 isto
1500 2265 1531 2295 et

185 2312 308 2357 istum)
338 2313 383 2358 cf.
405 2315 511 2355 3:213:

1554 659 1602 683 164
