1611 2516
157 81 212 122 96
316 80 489 115 APVLEI
516 80 979 116 METAMORPHOSEON
1006 81 1093 116 LIB.
1115 81 1192 126 ΠΗ,
1221 85 1275 117 27.
1304 85 1348 116 28

88 155 156 179 Oud.

156 194 437 242 persecutionis
468 193 741 243 indignatione
773 196 974 243 permotus
1006 206 1098 231 saxo
1131 194 1270 244 grandi
1295 207 1366 243 pro
1392 194 1499 243 pedi—

156 253 227 291 bus
260 254 423 302 adrepto
455 253 652 290 misellum
683 254 865 291 iuuenem
897 254 1082 290 maritum
1115 266 1243 290 meum
1274 265 1501 302 percussum

156 313 365 349 interemit.
428 312 521 350 talis
562 314 742 360 aspectus
781 312 991 350 atrocitate
1030 313 1241 361 perterrita
1273 325 1408 350 somno
1441 313 1499 350 fu-

155 374 266 410 nesto
298 384 448 420 pauens
480 383 640 408 excussa
672 368 784 410 sum.'

121 439 135 464 5
247 431 355 468 Tunc
386 430 542 468 fletibus
576 431 658 468 eius
691 431 945 479 adsuspirans
978 442 1075 468 anus
1108 430 1162 468 sic
1194 431 1350 480 incipit:
1384 427 1499 469 ‘bono

157 490 287 528 animo
333 492 433 538 esto,
478 489 531 526 mi
576 490 698 537 erilis,
746 501 816 527 nec
862 491 976 528 uanis
1021 489 1260 527 somniorum
1303 490 1499 540 figmentis

84 559 137 583 298
156 552 337 587 ter-reare.
406 562 499 587 nam
547 551 704 598 praeter
754 549 858 598 quod
908 549 1072 587 diurnae
1123 550 1266 598 quietis
1309 549 1500 599 imagines

156 609 280 647 falsae
311 608 584 658 perhibentur,
622 611 715 646 tunc
748 610 865 646 etiam
899 610 1113 646 nocturnae
1144 609 1315 646 uisiones
1349 610 1500 646 contra-

156 668 234 706 rios
273 670 437 706 euentus
475 680 770 716 nonnumquam
808 668 1077 717 pronuntiant.
1140 668 1307 716 denique
1340 667 1430 706 flere
1463 669 1502 705 et

104 736 136 762 ιο
157 728 347 777 uapulare
388 730 428 765 et
467 740 763 776 nonnumquam
803 727 977 777 iugulari
1018 727 1215 765 lucrosum
1253 739 1500 776 prosperum-

157 800 233 835 que
262 789 499 837 prouentum
524 788 722 834 nuntiant,
755 789 893 824 contra
918 787 1044 823 ridere
1071 789 1111 824 et
1135 787 1296 824 mellitis
1323 786 1503 824 dulciolis

157 848 335 884 uentrem
373 848 555 896 saginare
593 846 659 883 uel
696 845 738 882 in
778 846 1025 895 uoluptatem
1063 847 1262 883 ueneriam
1296 846 1503 883 conuenire

84 916 137 940 299
157 906 317 944 tristitie
367 906 507 951 animi,
557 905 745 955 languore
801 907 974 954 corporis
1031 902 1316 955 damni<s>que
1367 905 1503 942 ceteris

104 975 137 999 14
157 968 190 1003 te
228 967 413 1003 uexatum
456 965 507 1002 iri
551 964 846 1013 praedicabunt.
909 965 976 1001 sed
1020 977 1091 1014 ego
1132 966 1171 1002 te
1208 964 1503 1003 narrationibus

84 1034 138 1058 300
158 1025 299 1075 lepidis
340 1024 587 1073 anilibusque
631 1024 778 1062 fabulis
822 1025 1001 1072 protinus
1044 1021 1245 1072 auocabo’‚
1278 1026 1317 1061 et
1347 1024 1503 1073 incipit:

86 1090 135 1126 28
248 1081 389 1122 ‘Erant
426 1083 467 1120 in
506 1084 677 1132 quadam
711 1083 873 1121 ciuitate
915 1096 981 1120 rex
1015 1085 1055 1120 et
1085 1084 1232 1133 regina.
1295 1080 1392 1134 hiffl
1423 1085 1504 1121 tres

156 1157 317 1182 numero
349 1143 451 1181 filias
484 1144 612 1180 forma
643 1142 874 1192 conspicuas
906 1142 1088 1190 habuere,
1121 1143 1189 1180 sed
1221 1143 1388 1181 maiores
1417 1143 1502 1191 qui-

157 1203 244 1240 dem
276 1205 385 1251 natu,
418 1203 616 1251 quamuis·
634 1203 861 1252 gratissima
893 1203 1033 1251 specie,
1071 1202 1208 1240 idonee
1240 1204 1372 1239 tamen
1405 1202 1503 1239 cele-

157 1262 262 1300 brari
295 1275 407 1312 posse
440 1262 623 1299 laudibus
650 1262 832 1299 humanis
860 1261 1129 1309 credebantur,
1163 1264 1204 1298 at
1228 1274 1321 1300 uero
1348 1261 1503 1310 puellae

104 1338 136 1363 ρο
156 1323 326 1359 iunioris
366 1323 449 1359 tam
494 1322 723 1371 praecipua,
767 1323 849 1358 tam
893 1321 1096 1370 praeclara
1140 1321 1390 1369 pulchritudo
1435 1333 1504 1358 nec

159 1382 324 1430 exprimi
351 1394 395 1419 ac
421 1393 469 1419 ne
495 1380 734 1419 sufficienter
761 1381 919 1429 quidem
945 1380 1100 1418 laudari
1121 1381 1309 1418 sermonis
1329 1376 1503 1427 hulmani

158 1442 324 1490 penuria
364 1442 532 1489 poterat.
594 1440 713 1478 multi
754 1440 921 1489 denique
967 1439 1111 1477 ciuium
1154 1441 1193 1477 et
1232 1439 1404 1477 aduenae
1443 1452 1503 1477 co-

157 1501 269 1550 piosi,
315 1513 411 1549 quos
456 1500 589 1537 eximii
633 1499 847 1549 spectaculi
891 1512 1027 1537 rumor
1063 1499 1240 1537 studiosa
1277 1498 1504 1537 celebritate

158 1559 441 1610 congregabat,
482 1560 701 1597 inaccessae
742 1559 1030 1597 formonsitatis
1064 1558 1323 1596 admiratione
1355 1558 1505 1607 stupidi

252 1685 278 1718 F
302 1685 398 1718 1421‘.
427 1698 454 1728 φ
476 1684 565 1719 39¹²b.
664 1691 679 1717 1
707 1683 965 1729 indignatione
986 1685 1044 1728 (φ)
1066 1694 1084 1718 e
1106 1695 1149 1718 ea:
1168 1683 1200 1717 is
1222 1695 1284 1718 em.
1305 1683 1381 1718 ead.
1403 1695 1447 1718 m.

157 1739 174 1766 2
201 1731 355 1777 abrepto
383 1734 439 1777 (φ)
478 1734 522 1776 cf.
548 1735 632 1775 21‚4
660 1735 764 1774 56‚11
935 1738 952 1765 5
988 1743 1052 1772 an3
1092 1732 1148 1775 (tp)
1179 1735 1259 1776 post
1284 1747 1293 1775 ς
1319 1731 1386 1766 litt.
1413 1742 1502 1765 eras.

157 1795 265 1826 antea
298 1792 436 1826 induce.
582 1798 600 1823 6
632 1793 676 1834 cf.
703 1794 838 1834 214,22
983 1797 996 1823 7
1030 1793 1086 1836 tre
1120 1790 1244 1836 aresna
1271 1791 1317 1825 al.
1345 1801 1388 1823 m.
1416 1793 1505 1825 recte

157 1839 307 1874 distinae.
468 1846 502 1872 10
537 1850 817 1882 nonnumquam
853 1838 917 1873 del.
946 1838 1045 1873 Salm
1201 1844 1237 1871 13
1273 1837 1422 1883 tristitie

157 1886 308 1922 tristitie
334 1898 354 1921 v
427 1885 600 1931 languori
650 1900 694 1930 φ;
717 1885 861 1931 langori
935 1885 1113 1930 languore
1137 1885 1221 1920 Golv
1247 1885 1438 1930 languoris
1461 1906 1504 1909 ——

158 1934 358 1978 damnique
390 1935 503 1968 ceteri
530 1934 626 1969 Had
658 1938 697 1968 ut
723 1938 832 1979 yenet.
861 1934 905 1967 ab
935 1933 1070 1967 anxiat.
1097 1933 1251 1976 pendeat
1373 1931 1502 1976 daniq3

157 2017 220 2040 em.
244 2018 261 2039 υ
382 2013 417 2038 14
443 2004 488 2038 ui*
508 2006 623 2039 axatii
650 2004 695 2038 iri
722 2006 776 2049 (φ,
802 2005 863 2039 sed
882 2003 902 2037 'r
915 2015 985 2048 pro
1005 2003 1063 2047 u‘l)
1091 2005 1137 2038 al.
1161 2015 1203 2038 m.
1224 2014 1312 2038 corr.
1341 1988 1411 2038 aiza

158 2053 387 2087 delassatum
415 2053 507 2096 Lips
556 2051 616 2086 uel
643 2052 835 2086 anxiatum
862 2056 927 2085 aut
953 2054 1002 2096 (te
1029 2052 1117 2095 Leo)
1143 2053 1317 2086 uexatum
1344 2051 1506 2086 Beroald

158 2102 326 2135 taxatum
353 2100 478 2135 Rohde
528 2099 612 2134 uela
644 2099 811 2133 laxatum
844 2103 982 2138 (servat.
1016 2099 1090 2133 lect.
1117 2099 1206 2143 cod.)
1238 2098 1298 2133 He
1335 2100 1378 2142 cf.
1414 2098 1503 2133 Stat.

164 2149 265 2183 Theb.
287 2149 396 2182 1480
510 2146 778 2191 praedicabant
828 2161 870 2191 φ;
898 2146 1118 2191 praedicant
1143 2148 1187 2189 cf.
1201 2149 1311 2188 52,18
1359 2145 1505 2190 praedi-

159 2197 248 2230 cunt
272 2196 347 2230 cod.
378 2195 487 2229 Dorv.
538 2195 798 2239 praedicarent
824 2195 897 2229 Leo
947 2193 1218 2238 praedicabunt
1244 2194 1301 2228 He
1327 2196 1371 2237 esi
1395 2194 1505 2228 Blase

160 2244 255 2278 Hist.
287 2242 446 2277 Gramm.
469 2243 502 2276 (I.
524 2243 585 2277 lat.
608 2243 686 2286 Spr.
710 2243 782 2276 ΙΙΙ
800 2245 900 2284 1‚121
1058 2248 1092 2274 14
1120 2243 1224 2275 tener
1249 2240 1430 2283 rationibg
1452 2250 1504 2284 (φ,

158 2291 219 2325 sed
238 2303 299 2325 em.
322 2292 362 2325 in
382 2301 448 2334 my.
471 2302 514 2324 m.
537 2292 617 2332 rec.)
638 2302 682 2324 vm.
704 2301 769 2324 rec.
791 2295 878 2324 mut.
900 2291 939 2324 in
967 2290 1079 2323 tesset
1098 2300 1124 2322 r.
1239 2296 1271 2321 15
1292 2288 1431 2322 fabulis
1448 2290 1504 2333 (φ)

159 2338 182 2371 b
209 2350 253 2373 ea:
278 2350 300 2371 u
329 2349 416 2372 corr.
541 2345 576 2370 16
602 2337 654 2371 hii
776 2344 815 2381 2¹0
829 2345 863 2370 21
891 2339 935 2380 cf.
963 2339 1123 2380 {lvd-isa.

1523 156 1548 180 E

1525 1442 1557 1467 74
