1611 2516
173 82 230 123 84
327 81 504 116 APVLEI
533 80 1000 116 METAMORPHOSEON
1027 80 1113 115 LIB.
1133 80 1210 123 1111,
1239 84 1292 114 12.
1323 84 1366 114 13
1528 82 1555 106 Ε

103 158 170 182 Oud.

170 196 250 232 iam
284 196 412 232 certus
440 195 581 232 erroris
614 193 797 242 abiceret,
831 193 1034 243 suspendit
1061 205 1101 231 se
1127 193 1298 230 fenestra
1324 195 1518 243 sagaciter

171 255 448 303 perspecturus
475 253 620 301 omnia,
651 254 883 302 praesertim
910 252 1047 290 domus
1075 253 1262 302 attiguae,
1294 254 1340 290 ut
1364 253 1518 290 dixerat

170 313 253 362 illa,
280 313 458 351 fortunas
486 312 761 350 arbitraturus.
801 312 905 362 quod
927 326 1014 349 eum
1035 314 1192 350 strenue
1214 311 1382 361 quidem,
1402 309 1518 362 <s>et

171 373 267 409 satis
308 372 515 421 inprouide
554 374 760 410 conantem
798 372 919 410 senile
956 371 1057 409 illud
1094 371 1258 419 facinus,
1291 384 1516 420 quanquam

135 441 150 467 5
170 431 359 480 inualido,
391 432 595 480 repentino
627 433 760 469 tamen
792 433 832 469 et
861 432 1066 480 inopinato
1098 430 1214 479 pulsu
1239 433 1445 468 nutantem
1472 443 1517 468 ac

170 490 386 540 pendulum
437 492 476 528 et
525 491 565 527 in
603 491 812 540 prospectu
851 490 1026 539 alioquin
1071 491 1288 528 attonitum
1330 503 1516 539 praeceps

169 551 305 601 inegit.
368 550 436 599 qui
474 551 630 599 praeter
668 549 917 587 altitudinem
956 549 1119 587 nimiam
1162 561 1278 598 super
1322 549 1516 598 quendam

99 622 151 645 266
171 609 291 647 etiam
323 610 592 647 uastissimum
624 609 797 658 lapidem
822 611 981 658 propter
1006 610 1197 647 iacentem
1224 608 1404 646 decidens
1430 622 1516 658 per-

168 669 295 707 fracta
333 668 553 718 diffusaque
591 670 697 706 crate
737 670 933 706 costarum
974 669 1080 706 riuos
1122 668 1324 719 sanguinis
1357 680 1516 707 uomens

117 740 150 765 10
169 728 303 766 imitus
343 728 593 777 narratisque
630 727 755 777 nobis,
795 741 894 777 quae
933 730 1045 779 gesta
1083 730 1185 775 sunt,
1217 740 1294 765 non
1332 728 1400 765 diu
1432 741 1516 766 cru-

169 789 295 826 ciatus
342 789 469 825 uitam
514 788 650 826 euasit.
726 800 841 836 quem
885 787 1026 836 prioris
1071 787 1247 836 exemplo
1291 787 1517 836 sepulturae

169 847 361 885 traditum
393 847 542 884 bonum
574 849 793 885 secutorem
824 846 1022 885 Lamacho
1056 846 1243 885 dedimus.
1270 841 1280 898 Ι

99 916 147 952 13
259 907 368 945 Tunc
400 902 640 957 orbitati<s>
673 906 822 956 duplici
846 907 967 956 plaga
994 906 1112 955 petiti
1136 908 1294 954 iamque
1321 905 1516 944 Thebanis

169 966 374 1004 conatibus
401 966 616 1004 abnuentes
643 966 826 1004 Plataeas
852 967 1072 1015 proximam
1100 965 1395 1003 conscendimus
1421 965 1516 1003 ciui-

115 1037 147 1063 15
168 1028 302 1064 tatem.
365 1026 421 1063 ibi
452 1027 600 1063 famam
632 1025 823 1063 celebrem
855 1038 972 1074 super
1003 1021 1243 1076 quo[n]dam
1275 1025 1516 1062 Demochare

167 1097 310 1123 munus
349 1085 502 1123 edituro
541 1084 823 1136 gladiatorium
862 1084 1199 1134 deprehendimus.
1260 1097 1354 1122 nam
1384 1084 1447 1121 uir
1479 1087 1517 1122 et

97 1157 148 1182 267
169 1157 309 1195 genere
347 1146 561 1194 primarius
597 1146 636 1182 et
667 1144 808 1193 opibus
839 1145 1031 1193 plurimus
1064 1146 1102 1182 et
1133 1144 1372 1182 liberalitate
1404 1156 1515 1192 prae-

168 1205 307 1253 cipuus
342 1204 460 1255 digno
493 1205 676 1242 fortunae
709 1216 803 1242 suae
835 1203 1040 1253 splendore
1078 1203 1258 1252 publicas
1289 1203 1515 1252 uoluptates

167 1264 401 1302 instruebat.
466 1263 553 1313 quis
597 1265 733 1301 tantus
777 1263 946 1313 ingenii,
990 1260 1134 1314 qui<s>
1178 1263 1404 1311 facundiae,
1448 1264 1517 1312 qui

114 1336 147 1361 ρο
168 1323 343 1374 singulas
376 1324 523 1372 species
556 1325 772 1372 apparatus
805 1322 1007 1372 multiiugi
1038 1322 1169 1360 uerbis
1202 1320 1353 1360 idoneis
1385 1325 1516 1371 posset

167 1381 391 1432 explicare?
427 1382 667 1433 gladiatores
704 1383 773 1420 isti
811 1383 983 1421 famosae
1021 1395 1175 1430 manus,
1213 1384 1418 1420 uenatores
1456 1381 1516 1419 illi

166 1442 357 1491 probatae
399 1441 659 1491 pernicitatis,
701 1441 798 1479 alibi
837 1442 944 1480 noxii
984 1442 1140 1491 perdita
1183 1441 1391 1479 securitate
1436 1441 1515 1480 suis

96 1515 147 1539 268
168 1502 295 1551 epulis
332 1501 550 1539 bestiarum
589 1501 746 1551 saginas
785 1502 1041 1550 instruentes,
1083 1501 1273 1539 confixilis
1310 1501 1515 1538 machinae

167 1561 352 1609 sublicae,
377 1563 505 1598 turres
533 1557 753 1611 s<tructae>
778 1560 1004 1598 tabularum
1030 1560 1193 1598 nexibus
1221 1560 1270 1599 ad
1295 1562 1423 1598 instar
1442 1562 1514 1598 cir-

115 1633 146 1658 25
168 1621 443 1659 cumforaneae
471 1620 621 1669 domus,
647 1620 808 1658 floridae
834 1621 1025 1669 picturae,
1050 1619 1190 1658 decora
1215 1620 1371 1657 futurae
1397 1632 1514 1657 uena-

165 1681 285 1718 tionis
324 1680 585 1729 receptacula.
648 1681 717 1728 qui
753 1680 959 1729 praeterea
996 1692 1191 1728 numerus,
1221 1675 1225 1729 Ι
1255 1692 1356 1728 quae
1395 1680 1514 1717 facies

238 1781 264 1815 F
293 1781 410 1816 140212.
444 1781 539 1816 37²²¹³⁸
685 1788 701 1815 1
734 1780 857 1816 certus
884 1783 939 1826 (ce
971 1782 1091 1825 reflat„
1123 1781 1184 1816 secl
1214 1781 1285 1816 vid.
1313 1780 1361 1815 id.
1387 1782 1514 1825 fuisse)

166 1843 209 1873 cp:
238 1828 359 1863 uirtus
405 1828 570 1863 abiceret
595 1833 678 1864 ante
703 1829 779 1863 iam
806 1830 926 1863 certus
953 1829 1086 1863 erroris
1114 1832 1250 1873 transp.
1272 1830 1469 1863 Bluemner

166 1883 183 1910 2
210 1876 357 1921 attigua
390 1877 456 1911 litt.
483 1877 604 1919 reficti„
630 1877 691 1911 sed
715 1878 808 1920 fuer.
835 1877 930 1912 ested.
979 1926 990 1932 ·
1011 1891 1056 1921 cp:
1084 1876 1245 1921 attinget
1270 1880 1344 1920 qua
1371 1876 1516 1911 dixerat

166 1947 228 1970 em.
257 1948 277 1970 v
421 1942 439 1969 3
466 1936 504 1970 et
528 1937 584 1980 (φ)
610 1935 663 1970 set
695 1936 776 1971 Oud
902 1943 919 1969 8
945 1939 988 1981 pt
1012 1938 1068 1980 (φ)
1095 1948 1156 1971 em.
1185 1937 1275 1971 lunt
1345 1934 1519 1970 decidens

166 1984 222 2027 (φ)
248 1995 292 2017 m.
320 1984 528 2030 rcfinyemis
547 1984 603 2027 eff.
624 1994 685 2018 rec
805 1990 825 2017 9
851 1983 993 2018 diffissa
1021 1984 1180 2018 Beroald
1300 1990 1336 2017 13
1363 1982 1514 2017 orbitati

166 2055 219 2098 (φ,
245 2054 307 2088 sed
331 2055 372 2088 in
397 2066 464 2099 my.
487 2039 505 2088 g
531 2054 591 2093 tis)
689 2055 792 2098 infra
817 2054 928 2098 petiti
957 2076 997 2079 —
1025 2054 1171 2099 plateas
1194 2054 1291 2089 linea
1316 2055 1426 2089 ducta

164 2107 202 2134 15
228 2102 378 2144 quonda
399 2103 453 2145 (φ)
474 2113 535 2136 em.
552 2114 572 2135 υ
669 2109 703 2135 17
731 2102 870 2147 plurib3
899 2106 950 2147 (φ,
971 2102 1032 2137 sed
1052 2114 1113 2137 em.
1134 2113 1201 2137 ree.
1221 2113 1267 2136 m.
1287 2104 1328 2137 in
1347 2103 1429 2147 my.)
1449 2113 1511 2136 em.

166 2149 291 2183 Rohde
411 2156 447 2182 1⁹
473 2162 498 2194 q
524 2151 579 2193 (φ)
606 2149 687 2193 quis
715 2162 734 2183 ἰτ
855 2156 889 2183 21
916 2149 1001 2184 istic
1030 2149 1167 2184 Floricl
1224 2149 1302 2183 illic
1329 2149 1466 2184 Florid

165 2203 203 2229 24
229 2195 390 2230 sublicae
416 2198 470 2241 (φ)
497 2196 673 2231 sublimes
699 2198 788 2232 Prie
813 2196 993 2231 subliciae
1018 2198 1109 2232 lunt
1122 2197 1197 2232 Alci
1253 2195 1510 2279 {tolerantew

165 2245 284 2278 turres
311 2243 527 2290 s<tructas>
557 2245 614 2279 He
683 2244 871 2279 stabularii
898 2246 951 2288 (φ,
976 2245 1037 2279 sed
1063 2244 1080 2277 s
1095 2248 1232 2290 puncto
1278 2245 1334 2289 el.)
1396 2246 1513 2278 struc-

165 2293 226 2324 tae
247 2292 332 2333 Leo,
354 2292 417 2335 qui
430 2296 622 2336 praeterea
642 2294 754 2327 coml:
775 2291 963 2326 confixiles
983 2304 1043 2333 m.‚
1065 2292 1243 2326 subliciae
1258 2294 1296 2334 t.,
1317 2292 1393 2326 tab.
1409 2304 1442 2326 n.
1459 2292 1513 2325 in-

166 2340 304 2372 stratae
331 2339 416 2373 circ.
438 2339 472 2372 d.
523 2339 735 2373 tabularum
762 2339 915 2374 nexibus
943 2345 1025 2374 wate
1052 2339 1180 2374 confix.
1207 2344 1382 2384 traozspos.
1408 2339 1450 2373 cd
1466 2340 1514 2373 Vl

1595 2348 1598 2411 i
