1611 2516
29 142 96 168 Oud.

30 725 81 750 185

32 1263 84 1288 186

36 1799 86 1825 187

277 66 453 102 APVLEI
478 64 947 101 METAMORPHOSEON
975 65 1061 100 LIB.
1081 64 1144 108 ΠΙ,
1169 69 1260 101 6-8
1391 66 1445 108 57

1452 139 1476 164 E

99 193 267 230 usquam
302 180 444 228 fuisse,
482 180 545 217 uel
581 180 684 217 certe
724 178 806 216 ulla
841 177 988 227 praeda
1022 179 1275 226 monstretur,
1299 173 1311 230 Η
1337 178 1448 217 cuius

98 240 282 290 cupidine
309 241 466 278 tantum
490 239 685 290 flagitium
711 237 894 276 credatur
919 232 1162 275 admissum?

187 299 296 338 Haec
326 299 507 348 profatus
538 310 693 336 rursum
725 298 899 335 lacrimis
933 296 1081 335 obortis
1112 297 1382 345 porrectisque
1409 298 1449 335 in
1473 304 1490 338 7

98 371 230 409 preces
264 359 446 397 manibus
478 371 549 407 per
573 358 773 407 publicam
798 356 1119 405 misericordiam,
1145 369 1215 405 per
1239 356 1448 407 pignorum
1471 365 1505 389 43

99 420 306 458 caritatem
340 420 514 456 maestus
546 419 641 455 tunc
672 417 755 465 hos,
787 418 880 455 tunc
912 416 1000 455 illos
1034 415 1282 465 deprecabar.
1345 428 1450 453 cum·
1489 424 1504 447 -3

100 492 174 528 que
211 478 291 516 iam
328 478 576 516 humanitate
614 478 846 525 commotos,
885 475 1152 514 misericordia
1189 475 1353 513 fletuum
1385 475 1451 513 ad-

98 539 220 577 fectos
259 533 440 588 o<m>nis
478 536 574 575 satis
613 536 820 585 crederem,
860 534 962 574 Solis
1003 537 1041 573 et
1071 535 1253 574 Iustitiae
1282 536 1452 573 testatus
1470 559 1483 569 .

100 598 257 637 oculum
301 609 513 646 casumque
557 597 805 646 praesentem
847 608 977 633 meum
1022 594 1298 633 commendans
1337 593 1452 632 deum

99 657 386 707 prouidentiae,
412 656 531 706 paulo
559 656 680 694 altius
701 657 863 705 aspectu
881 655 1007 694 relato
1034 651 1234 706 (laetum)
1254 653 1451 703 conspicio

99 729 258 767 prorsus
284 717 412 754 totum
439 716 627 765 populum
654 736 703 741 —
726 717 809 753 risu
841 714 1106 753 cachinnabili
1132 714 1373 752 diffluebant
1392 735 1450 740 -—
1471 721 1503 745 10

100 789 170 815 nec
202 789 311 814 secus
349 776 464 813 illum
485 775 642 813 rbonum
673 775 869 824 hospitem
901 775 1182 823 parentemque
1214 786 1344 811 meum
1376 773 1451 811 Mi-

100 837 230 875 lonem
256 836 338 874 risu
363 836 535 873 maximo
556 835 806 873 dissolutum.
860 835 902 871 at
927 837 1020 871 tunc
1040 833 1094 871 sic
1114 833 1262 872 tacitus
1282 845 1453 871 mecum:

103 893 165 934 ‘en
191 892 315 944 fides’,
340 896 514 944 inquam,
543 891 605 932 ‘en
633 895 889 944 conscientia,
917 907 988 945 ego
1017 892 1174 942 quidem
1194 905 1266 942 pro
1286 892 1454 942 hospitis

101 956 228 995 salute
268 957 306 992 et
342 955 539 993 homicida
579 966 665 992 sum
704 955 742 992 et
779 965 868 992 reus
906 952 1048 1002 capitis
1087 952 1268 1000 inducor,
1307 954 1349 990 at
1385 952 1454 990 ille

101 1028 179 1054 non
221 1016 443 1063 contentus,
486 1014 590 1063 quod
631 1014 729 1052 mihi
769 1026 840 1052 nec
880 1012 1099 1052 adsistendi
1139 1012 1330 1051 solacium
1368 1025 1453 1062 per·
1477 1018 1508 1043 15

100 1075 242 1124 hibuit,
275 1074 435 1123 insuper
467 1073 630 1112 exitium
661 1087 792 1111 meum
823 1068 1060 1111 cachinnat?

190 1134 300 1172 Inter
347 1134 443 1172 haec
494 1133 688 1182 quaedam
736 1132 878 1170 mulier
927 1145 996 1182 per
1038 1131 1211 1170 medium
1255 1131 1456 1169 theatrum
1476 1136 1499 1172 8

102 1194 311 1233 lacrimosa
350 1195 388 1232 et
424 1193 567 1232 flebilis
606 1194 694 1231 atra
732 1194 841 1230 ueste
879 1193 1059 1230 contecta
1090 1191 1302 1240 paruulum
1334 1203 1454 1240 quen-

103 1254 194 1292 dam
227 1253 314 1292 sinu
338 1254 512 1292 tolerans
545 1253 721 1292 decurrit
753 1265 798 1291 ac
829 1264 932 1301 pone
965 1264 1049 1289 eam
1083 1263 1182 1289 anus
1209 1251 1288 1289 alia
1313 1251 1455 1300 pannis

102 1313 273 1352 horridis
318 1313 447 1351 obsita
489 1312 729 1362 paribusque
772 1313 924 1350 maesta
961 1311 1138 1359 fletibus,
1183 1323 1314 1349 ramos
1353 1310 1455 1348 olea·
1476 1317 1510 1342 20

104 1373 238 1424 gineos
282 1375 474 1422 utraeque
520 1373 761 1421 quatientes,
806 1384 906 1421 quae
951 1371 1212 1410 circumfusae
1256 1370 1457 1421 lectulum,

105 1446 183 1482 quo
215 1434 510 1482 peremptorum
548 1432 742 1470 cadauera
780 1433 959 1469 contecta
993 1432 1160 1479 fuerant,
1198 1425 1457 1481 plang[u]ore

104 1492 260 1531 sublato
299 1505 339 1531 se
377 1491 598 1543 lugubriter
636 1491 847 1530 eiulantes:
886 1487 970 1540 ‘per
1006 1490 1206 1540 publicam
1238 1490 1456 1528 misericor-

105 1552 224 1601 diam,
261 1565 331 1602 per
369 1563 573 1590 commune
611 1552 675 1590 ius
707 1547 1000 1598 humanitatis',
1039 1551 1162 1598 aiunt,
1203 1547 1458 1588 ‘miseremini

104 1612 264 1663 indigne
297 1624 499 1650 caesorum
530 1611 719 1649 iuuenum
750 1613 987 1660 nostraeque
1020 1609 1210 1648 uiduitati
1242 1621 1287 1647 ac
1319 1609 1456 1647 solitu·
1477 1615 1510 1641 25

104 1671 188 1709 dini
226 1671 271 1710 de
309 1671 488 1709 uindicta
525 1671 717 1709 solacium
759 1671 859 1708 date.
923 1671 1027 1708 certe
1064 1669 1224 1719 paruuli
1261 1668 1378 1707 huius
1417 1668 1459 1706 in

103 1732 242 1781 primis
274 1732 387 1769 annis
420 1730 602 1768 destituti
634 1731 803 1768 fortunis
836 1726 1108 1780 succur<r>ite
1142 1730 1181 1767 et
1212 1729 1259 1767 de
1291 1729 1458 1767 latronis

103 1791 220 1829 huius
248 1791 440 1842 sanguine
466 1790 620 1840 legibus
640 1790 783 1828 uestris
804 1791 843 1827 et
863 1789 1094 1839 disciplinae
1114 1788 1295 1838 publicae
1316 1784 1458 1826 litate.'

199 1928 227 1962 F
255 1927 352 1962 135¹&
381 1931 450 1962 33³·
566 1934 584 1961 4
610 1926 765 1972 publicsi
790 1938 853 1961 em.
874 1927 951 1962 ead.
973 1937 1017 1961 m.
1037 1936 1154 1970 supra
1173 1925 1259 1960 add.
1274 1922 1304 1968 ²²,
1331 1925 1460 1960 deinde

105 1976 154 2012 al.
179 1987 224 2010 m.
253 1987 296 2011 ex
321 1987 345 2009 u
370 1987 460 2011 corr.
490 1986 512 2009 a
562 1989 607 2019 cp:
633 1974 787 2020 puplica
917 1973 966 2019 ⁶s⁷
995 1973 1144 2008 adfecto
1170 1973 1267 2008 sonis
1294 1984 1383 2009 corr.
1411 1974 1459 2008 al.

105 2036 149 2058 m.
176 2024 218 2060 in
243 2022 410 2058 adfectos
437 2022 519 2057 ofiis
540 2034 603 2058 em.
632 2035 659 2067 φ
781 2028 799 2055 8
825 2021 955 2057 oculus
977 2032 1066 2056 corr.
1093 2021 1170 2055 ead.
1197 2032 1242 2056 m.
1269 2021 1311 2056 in
1334 2020 1412 2054 lum

107 2085 151 2116 φε
173 2070 292 2106 oculu'
391 2077 409 2104 9
431 2070 528 2105 elato
545 2071 682 2113 Rohde,
700 2071 809 2114 refut.
825 2070 956 2105 Novcik
970 2069 1047 2104 coll.
1064 2071 1194 2111 110,13
1262 2067 1459 2116 (laetum)

106 2118 166 2154 He
274 2125 310 2152 10
333 2119 568 2162 parenthesin
594 2118 690 2161 effec.
716 2117 776 2152 He
802 2116 1036 2151 diffluentem
1064 2117 1205 2151 Vulcan
1311 2122 1348 2150 13
1375 2127 1460 2150 con-

107 2165 247 2201 stantia
271 2167 318 2201 vd
334 2167 383 2202 Vl
406 2166 490 2209 fort.
516 2170 606 2201 recte
748 2171 785 2199 1⁹
812 2164 970 2199 decussit
993 2165 1052 2209 (φ)
1078 2175 1141 2198 em.
1162 2175 1182 2199 v
1327 2170 1363 2198 21
1390 2163 1460 2198 cir-

108 2222 231 2283 cfiffise
257 2237 296 2280 (u
321 2238 410 2288 quia
435 2248 509 2272 ozon
541 2237 683 2282 liquida
715 2240 803 2279 erat,
834 2236 960 2271 librar.
981 2221 1001 2238 v
1021 2235 1128 2277 add.,-
1161 2236 1202 2269 in
1227 2246 1295 2279 my.
1322 2234 1362 2268 fu
1387 2235 1460 2277 (πώ)

203 2291 240 2318 22
267 2285 433 2319 coniecta
459 2285 505 2320 vd
520 2285 569 2320 Vl
665 2283 932 2328 *planguore*
957 2285 1043 2328 (pro
1067 2294 1092 2327 p
1117 2283 1320 2326 scripturus
1345 2286 1423 2317 erat
1448 2281 1459 2315 1

108 2333 162 2366 vel
186 2331 222 2374 b,
242 2335 327 2376 post
352 2343 371 2366 e
397 2343 487 2367 eras.
507 2331 541 2377 s)
591 2344 636 2376 tp:
662 2331 818 2378 plagore
962 2337 998 2365 27
1026 2329 1207 2366 succurite
1234 2340 1296 2365 em.
1325 2342 1352 2373 φ
