1611 2516
47 157 114 184 oud.

66 440 98 467 77

67 677 99 703 78

66 914 99 941 79

291 83 467 118 APVIAEI
493 81 959 117 METAMORPHOSEON
976 82 1076 116 LIB.
1098 82 1123 123 1,
1151 85 1290 115 24-26
1413 81 1468 121 23

1493 153 1516 176 1,·

116 197 260 246 quilias
282 197 422 245 quanti
440 191 636 244 parastiP’
679 191 788 243 ‘uix’‚
810 196 988 242 inquam,
1010 191 1210 242 ‘piscatori
1234 195 1469 231 extorsimus

116 258 292 306 accipere
323 256 471 304 uiginti
505 251 738 291 denarium?

205 314 290 359 Quo
323 314 458 351 audito
492 315 629 352 statim
663 313 827 361 adrepta
859 312 1019 350 dextera
1055 311 1302 360 postliminio
1336 324 1396 348 me
1428 312 1470 348 in
1491 310 1541 345 ‘35

118 376 244 412 forum
287 374 483 423 cupidinis
525 373 731 410 reducens:
784 369 837 409 ‘ct
876 384 898 408 a
937 369 1045 420 quo',
1090 372 1240 419 inquit⁷
1287 367 1468 408 ‘istorum

118 436 359 484 nugamenta
399 433 496 470 haec
538 428 819 481 comparasti‘P’
884 431 1110 469 demonstro
1153 430 1388 468 seniculum:
1430 430 1469 466 in
1510 442 1524 466 5

118 494 264 544 angulo
303 492 473 530 sedebat.
538 505 654 540 quem
693 491 899 528 confestim
938 503 1008 538 pro
1048 489 1264 527 aedilitatis
1305 490 1471 536 imperio

119 565 211 590 uoce
243 553 461 600 asperrima
492 553 717 599 increpans:
757 547 853 587 ‘iam
884 547 992 597 iam’,
1030 550 1176 597 inquit,
1216 545 1301 586 ‘nec
1334 549 1470 586 amicis

120 612 277 661 quidem
309 612 454 649 nostris
487 611 550 647 uel
584 611 743 648 omnino
776 609 868 646 ullis
902 608 1125 657 hospitibus
1158 609 1333 657 parcitis,
1367 607 1472 655 quod

118 674 203 709 tam
244 670 398 720 magnis
443 671 581 719 pretiis
632 670 758 718 pisces
809 668 973 706 friuolos
1024 668 1209 705 indicatis
1255 670 1293 704 et
1335 666 1470 704 florem

119 731 366 768 Thessalicae
392 729 564 780 regionis
586 729 635 765 ad
658 730 785 766 instar
811 727 1038 766 solitudinis
1060 729 1098 765 et
1119 727 1271 776 scopuli
1297 726 1472 763 edulium
1494 738 1526 762 10

119 791 283 828 caritate
327 788 549 826 deducitis?
613 788 680 826 sed
721 801 798 825 non
837 787 841 835 l
879 788 1049 836 impune.
1112 786 1192 823 iam
1235 787 1340 824 enim
1380 787 1471 822 faxo

119 851 231 896 50133,
256 862 372 898 quem
396 849 446 885 ad
472 848 631 885 modum
659 848 730 885 sub
752 859 838 884 meo
866 848 1094 897 magisterio
1122 846 1219 883 mali
1245 841 1472 894 debeant‘)

119 904 330 947 coherceri'
351 929 409 933 —
429 910 469 945 et
489 907 651 956 profusa
671 908 712 944 in
740 906 912 944 medium
933 906 1111 954 sportula
1131 905 1240 943 iubet
1261 905 1472 943 officialem

118 981 231 1006 suum
281 969 442 1016 insuper
491 968 617 1016 pisces
668 965 893 1004 inscendere
938 979 981 1003 ac
1025 965 1189 1013 pedibus
1240 964 1319 1002 suis
1366 966 1471 1001 totos

118 1028 304 1065 obterere.
357 1039 434 1075 qua
460 1028 666 1064 contentus
692 1039 845 1062 morum
879 1024 1144 1062 seueritudine
1170 1037 1280 1062 meus
1307 1023 1471 1072 Pythias
1495 1035 1525 1060 15

119 1100 164 1124 ac
200 1087 310 1134 1111111,
346 1089 392 1123 ut
433 1082 658 1137 [h]abirem‚
700 1085 884 1123 suadens:
931 1081 1094 1122 ‘sufficit
1133 1083 1243 1131 mihi,
1285 1096 1307 1120 0
1346 1080 1472 1129 Luci'⁷

116 1147 261 1195 inquit,
294 1143 474 1184 ‘Seniculi
505 1147 619 1182 tanta
651 1145 746 1182 haec
779 1140 1045 1182 contumelia.'

207 1205 280 1243 His
325 1206 422 1243 actis
473 1206 746 1242 consternatus
791 1216 836 1241 30
880 1215 1039 1252 prorsus
1091 1202 1325 1251 obstupidus
1368 1197 1379 1251 ΙΙ
1424 1201 1474 1238 ad

117 1265 280 1303 balneas
318 1278 379 1302 me
417 1266 543 1302 refero
585 1264 790 1313 prudentis
832 1262 1094 1311 condiscipuli
1133 1262 1269 1299 ualido
1308 1261 1472 1298 consilio

118 1327 158 1362 et
183 1326 354 1361 nummis
384 1324 501 1361 simul
533 1325 715 1372 priuatus
743 1324 781 1360 et
807 1335 903 1360 cena
935 1323 1147 1370 lautusque
1174 1321 1224 1358 ad
1255 1320 1472 1370 hospitium
1494 1332 1526 1356 20

117 1383 279 1422 Milonis
312 1396 357 1421 ac
390 1384 530 1421 dehinc
562 1383 788 1420 cubiculum
819 1395 881 1419 me
913 1384 1081 1430 reporto.

207 1444 261 1480 Et
301 1455 387 1480 ecce
428 1443 566 1480 Photis
609 1442 770 1480 ancilla:
817 1438 947 1492 ‘rogat
987 1438 1053 1490 te',
1098 1441 1240 1489 inquit,
1287 1436 1470 1488 ‘hospes’
1494 1438 1543 1472 26

119 1504 161 1540 at
201 1515 273 1552 ego
314 1503 394 1540 iam
432 1502 521 1539 inde
560 1502 719 1540 Milonis
762 1501 1025 1539 abstinentiae
1067 1501 1248 1550 cognitor
1289 1500 1527 1536 excusaui17

118 1564 295 1610 comiter⁷
334 1562 439 1610 quod
469 1563 558 1598 uiae
591 1561 839 1599 uexationem
872 1573 950 1598 non
983 1560 1081 1608 cibo,
1117 1559 1185 1597 sed
1217 1572 1353 1597 somno
1386 1571 1472 1596 cen-

117 1635 244 1660 serem
294 1621 530 1659 diluendam.
600 1622 676 1659 isto
726 1623 886 1669 accepto
937 1621 1068 1670 pergit
1116 1621 1201 1668 ipse
1246 1621 1284 1656 et
1328 1618 1473 1656 iniecta
1494 1618 1526 1643 25

118 1681 279 1719 dextera
311 1681 523 1718 clementer
554 1694 614 1718 me
647 1680 803 1717 trahere
845 1679 1034 1717 adoritur.
1097 1691 1142 1716 ac
1175 1678 1268 1715 (111111
1300 1680 1472 1725 cunctor⁷

117 1740 213 1778 dum
238 1741 413 1778 modeste
439 1741 600 1787 renitor,
634 1736 727 1776 ‘non
753 1735 891 1788 prius’,
924 1739 1065 1788 inquit,
1093 1735 1319 1785 ‘discedarm
1353 1750 1471 1786 quam

214 1889 241 1922 F
265 1889 361 1924 129b.
389 1903 416 1931 φ
439 1889 582 1924 271’282.
718 1894 736 1923 2
766 1888 918 1923 denerifi
971 1901 1015 1931 tp:
1032 1887 1205 1921 denarios
1221 1888 1265 1929 cf.
1288 1888 1395 1925 3525

119 1941 140 1970 3
168 1935 324 1981 abrepta
355 1949 417 1971 em.
450 1938 527 1972 ead.
561 1949 605 1971 m.
638 1938 683 1980 ef.
704 1939 787 1979 21,4
933 1939 953 1969 8
980 1934 1136 1979 parcitis
1158 1936 1188 1978 (r
1213 1946 1256 1969 esc
1276 1946 1294 1968 0
1314 1934 1392 1968 ead.
1412 1935 1472 1978 m.)

120 2033 165 2064 cp:
192 2004 313 2064 pistis
335 2021 410 2065 (em.
438 2021 516 2055 ead.
543 2021 602 2064 m.)
712 2023 731 2053 9
753 1992 901 2054 friuolis
917 2019 943 2063 (i
963 2020 1004 2053 in
1030 2029 1050 2053 0
1076 2022 1162 2052 mut.
1196 2021 1228 2052 et
1257 2029 1371 2061 supra
1404 2018 1471 2052 litt.

118 2074 135 2092 ⁰
163 2080 247 2114 add.
274 2080 351 2114 ead.
378 2080 438 2123 m.)
489 2094 536 2122 cp:
563 2078 719 2114 fribolos
838 2082 880 2112 12
907 2077 1024 2112 debeo
1051 2078 1106 2122 (φ)
1135 2076 1245 2111 debet
1270 2077 1326 2119 eff.
1354 2077 1400 2111 al.
1428 2087 1472 2110 m.

117 2138 182 2161 em.
208 2138 229 2160 v
329 2130 370 2160 16
391 2126 560 2161 habitem
581 2128 635 2172 (φ,
655 2127 716 2161 sed
737 2138 825 2161 eras.
848 2126 884 2169 h)
906 2125 1082 2159 hauerem
1101 2125 1147 2159 vd
1158 2125 1203 2159 Vl
1221 2126 1278 2158 sat
1298 2124 1473 2158 haberem

118 2175 316 2209 Bluenmer
461 2186 481 2209 0
506 2186 619 2219 supra
646 2173 720 2208 luci
746 2173 831 2208 add.
856 2174 933 2207 ead.
960 2185 1005 2207 m.
1185 2176 1227 2205 21
1257 2171 1427 2205 cubiculo
1453 2183 1473 2205 r

118 2222 165 2264 cf.
186 2225 267 2260 4:31
295 2225 379 2264 3739
406 2226 512 2264 51,13
533 2223 579 2256 al.
703 2225 746 2255 22
771 2221 897 2265 photil'
920 2222 975 2265 (qi)
1002 2220 1052 2264 ph
1079 2232 1122 2255 esc
1146 2219 1183 2272 fo
1210 2220 1288 2254 ead.
1308 2231 1352 2253 m.
1380 2220 1474 2253 'iuter

117 2292 294 2327 scribmd.
315 2294 370 2335 eff.
494 2296 537 2326 25
558 2293 696 2337 pergit}
725 2292 844 2337 surgit
871 2293 978 2326 Nolte
1094 2294 1137 2325 27
1158 2276 1226 2335 {stis
1246 2302 1307 2324 erm.
1329 2290 1405 2324 ead.
1429 2301 1471 2323 m.

119 2353 148 2383 φ
159 2355 165 2374 :
191 2339 295 2384 prius
