<?xml version="1.0" encoding="UTF-8"?>
<!DOCTYPE html PUBLIC "-//W3C//DTD XHTML 1.0 Transitional//EN"
    "http://www.w3.org/TR/xhtml1/DTD/xhtml1-transitional.dtd">
<html xmlns="http://www.w3.org/1999/xhtml" xml:lang="en" lang="en">
 <head>
  <title>
</title>
<meta http-equiv="Content-Type" content="text/html;charset=utf-8" />
  <meta name='ocr-system' content='tesseract 3.04.00' />
  <meta name='ocr-capabilities' content='ocr_page ocr_carea ocr_par ocr_line ocrx_word'/>
</head>
<body>
  <div class='ocr_page' id='page_1' title='image "./operaquaesupersu01apuluoft/operaquaesupersu01apuluoft_0274.png"; bbox 0 0 1657 2526; ppageno 0'>
   <div class='ocr_carea' id='block_1_1' title="bbox 229 68 1397 114">
    <p class='ocr_par' dir='ltr' id='par_1_1' title="bbox 229 68 1397 114">
     <span class='ocr_line' id='line_1_1' title="bbox 229 68 1397 114; baseline 0.003 -11"><span class='ocrx_word' id='word_1_1' title='bbox 229 71 314 112; x_wconf 76' lang='lat'>264</span> <span class='ocrx_word' id='word_1_2' title='bbox 408 68 581 104; x_wconf 74' lang='lat' dir='ltr'>APVLEI</span> <span class='ocrx_word' id='word_1_3' title='bbox 608 69 1072 105; x_wconf 50' lang='lat' dir='ltr'><strong>METANIORPHQOEEON</strong></span> <span class='ocrx_word' id='word_1_4' title='bbox 1100 70 1186 106; x_wconf 90' lang='lat' dir='ltr'><strong>LIB.</strong></span> <span class='ocrx_word' id='word_1_5' title='bbox 1210 71 1249 114; x_wconf 87' lang='lat' dir='ltr'>X,</span> <span class='ocrx_word' id='word_1_6' title='bbox 1277 75 1332 106; x_wconf 83' lang='lat'>33.</span> <span class='ocrx_word' id='word_1_7' title='bbox 1355 76 1397 106; x_wconf 88' lang='grc'>34</span> 
     </span>
    </p>
   </div>
   <div class='ocr_carea' id='block_1_2' title="bbox 150 142 1646 1895">
    <p class='ocr_par' dir='ltr' id='par_1_2' title="bbox 150 142 1646 1895">
     <span class='ocr_line' id='line_1_2' title="bbox 158 142 1646 170; baseline 0.001 -4"><span class='ocrx_word' id='word_1_8' title='bbox 158 142 226 167; x_wconf 75' lang='grc' dir='ltr'><em>Οιιᾱ.</em></span> <span class='ocrx_word' id='word_1_9' title='bbox 1588 146 1613 170; x_wconf 83' lang='grc' dir='ltr'><em>Ε</em></span> <span class='ocrx_word' id='word_1_10' title='bbox 1645 164 1646 167; x_wconf 75' lang='grc'>,</span> 
     </span>
     <span class='ocr_line' id='line_1_3' title="bbox 156 176 1576 234; baseline 0.003 -16"><span class='ocrx_word' id='word_1_11' title='bbox 156 187 205 222; x_wconf 74' lang='grc'>33</span> <span class='ocrx_word' id='word_1_12' title='bbox 316 181 419 227; x_wconf 83' lang='lat' dir='ltr'>Quid</span> <span class='ocrx_word' id='word_1_13' title='bbox 441 176 452 234; x_wconf 55' lang='lat' dir='ltr'>If</span> <span class='ocrx_word' id='word_1_14' title='bbox 472 195 564 232; x_wconf 88' lang='lat' dir='ltr'>ergo</span> <span class='ocrx_word' id='word_1_15' title='bbox 597 182 815 230; x_wconf 87' lang='lat' dir='ltr'>miramini,</span> <span class='ocrx_word' id='word_1_16' title='bbox 848 183 1042 220; x_wconf 86' lang='lat' dir='ltr'>uilissima</span> <span class='ocrx_word' id='word_1_17' title='bbox 1075 184 1223 232; x_wconf 89' lang='lat' dir='ltr'>capita,</span> <span class='ocrx_word' id='word_1_18' title='bbox 1256 183 1375 222; x_wconf 91' lang='lat' dir='ltr'>immo</span> <span class='ocrx_word' id='word_1_19' title='bbox 1407 185 1576 223; x_wconf 79' lang='lat' dir='ltr'>forensia</span> 
     </span>
     <span class='ocr_line' id='line_1_4' title="bbox 226 241 1574 292; baseline 0.001 -13"><span class='ocrx_word' id='word_1_20' title='bbox 226 254 385 290; x_wconf 84' lang='lat' dir='ltr'>pecora,</span> <span class='ocrx_word' id='word_1_21' title='bbox 423 242 543 279; x_wconf 87' lang='lat' dir='ltr'>immo</span> <span class='ocrx_word' id='word_1_22' title='bbox 581 254 674 279; x_wconf 90' lang='lat' dir='ltr'>uero</span> <span class='ocrx_word' id='word_1_23' title='bbox 713 242 842 292; x_wconf 90' lang='lat' dir='ltr'>togati</span> <span class='ocrx_word' id='word_1_24' title='bbox 879 241 1065 290; x_wconf 89' lang='lat' dir='ltr'>uulturii,</span> <span class='ocrx_word' id='word_1_25' title='bbox 1104 243 1137 279; x_wconf 84' lang='lat' dir='ltr'>si</span> <span class='ocrx_word' id='word_1_26' title='bbox 1175 242 1250 280; x_wconf 85' lang='lat' dir='ltr'>toti</span> <span class='ocrx_word' id='word_1_27' title='bbox 1288 255 1391 280; x_wconf 85' lang='lat' dir='ltr'>nunc</span> <span class='ocrx_word' id='word_1_28' title='bbox 1428 243 1574 281; x_wconf 87' lang='lat' dir='ltr'>iudices</span> 
     </span>
     <span class='ocr_line' id='line_1_5' title="bbox 225 300 1574 350; baseline 0.002 -13"><span class='ocrx_word' id='word_1_29' title='bbox 225 300 438 338; x_wconf 84' lang='lat' dir='ltr'>sententias</span> <span class='ocrx_word' id='word_1_30' title='bbox 484 312 573 338; x_wconf 88' lang='lat' dir='ltr'>suas</span> <span class='ocrx_word' id='word_1_31' title='bbox 620 301 747 350; x_wconf 87' lang='lat' dir='ltr'>pretio</span> <span class='ocrx_word' id='word_1_32' title='bbox 792 301 1081 349; x_wconf 75' lang='lat' dir='ltr'>nundinantur,</span> <span class='ocrx_word' id='word_1_33' title='bbox 1124 314 1212 339; x_wconf 88' lang='lat' dir='ltr'>cum</span> <span class='ocrx_word' id='word_1_34' title='bbox 1249 315 1378 340; x_wconf 88' lang='lat' dir='ltr'>rerum</span> <span class='ocrx_word' id='word_1_35' title='bbox 1417 303 1574 341; x_wconf 84' lang='lat' dir='ltr'>exordio</span> 
     </span>
     <span class='ocr_line' id='line_1_6' title="bbox 225 360 1575 412; baseline 0.001 -15"><span class='ocrx_word' id='word_1_36' title='bbox 225 361 329 397; x_wconf 89' lang='lat' dir='ltr'>inter</span> <span class='ocrx_word' id='word_1_37' title='bbox 361 360 451 398; x_wconf 88' lang='lat' dir='ltr'>deos</span> <span class='ocrx_word' id='word_1_38' title='bbox 485 361 524 396; x_wconf 90' lang='lat' dir='ltr'>et</span> <span class='ocrx_word' id='word_1_39' title='bbox 554 360 732 397; x_wconf 90' lang='lat' dir='ltr'>homines</span> <span class='ocrx_word' id='word_1_40' title='bbox 761 361 956 410; x_wconf 82' lang='lat' dir='ltr'>agitatum</span> <span class='ocrx_word' id='word_1_41' title='bbox 983 361 1175 399; x_wconf 88' lang='lat' dir='ltr'>iudicium</span> <span class='ocrx_word' id='word_1_42' title='bbox 1201 362 1419 410; x_wconf 86' lang='lat' dir='ltr'>corruperit</span> <span class='ocrx_word' id='word_1_43' title='bbox 1445 363 1575 412; x_wconf 87' lang='lat' dir='ltr'>gratia</span> 
     </span>
     <span class='ocr_line' id='line_1_7' title="bbox 190 418 1574 470; baseline 0.002 -14"><span class='ocrx_word' id='word_1_44' title='bbox 190 426 204 451; x_wconf 88' lang='lat'>5</span> <span class='ocrx_word' id='word_1_45' title='bbox 226 421 265 456; x_wconf 90' lang='lat' dir='ltr'>et</span> <span class='ocrx_word' id='word_1_46' title='bbox 316 418 548 470; x_wconf 80' lang='lat' dir='ltr'>originalem</span> <span class='ocrx_word' id='word_1_47' title='bbox 599 419 835 457; x_wconf 87' lang='lat' dir='ltr'>sententiam</span> <span class='ocrx_word' id='word_1_48' title='bbox 879 421 1015 469; x_wconf 80' lang='lat' dir='ltr'>magni</span> <span class='ocrx_word' id='word_1_49' title='bbox 1057 421 1165 458; x_wconf 88' lang='lat' dir='ltr'>Iouis</span> <span class='ocrx_word' id='word_1_50' title='bbox 1210 421 1384 459; x_wconf 87' lang='lat' dir='ltr'>consiliis</span> <span class='ocrx_word' id='word_1_51' title='bbox 1429 421 1574 459; x_wconf 85' lang='lat' dir='ltr'>electus</span> 
     </span>
     <span class='ocr_line' id='line_1_8' title="bbox 226 478 1573 528; baseline 0.002 -13"><span class='ocrx_word' id='word_1_52' title='bbox 226 478 340 515; x_wconf 80' lang='lat' dir='ltr'>iudex</span> <span class='ocrx_word' id='word_1_53' title='bbox 378 479 602 516; x_wconf 87' lang='lat' dir='ltr'>rusticanus</span> <span class='ocrx_word' id='word_1_54' title='bbox 641 480 680 516; x_wconf 89' lang='lat' dir='ltr'>et</span> <span class='ocrx_word' id='word_1_55' title='bbox 719 479 841 528; x_wconf 90' lang='lat' dir='ltr'>opilio</span> <span class='ocrx_word' id='word_1_56' title='bbox 879 479 987 516; x_wconf 90' lang='lat' dir='ltr'>lucro</span> <span class='ocrx_word' id='word_1_57' title='bbox 1023 479 1199 518; x_wconf 85' lang='lat' dir='ltr'>libidinis</span> <span class='ocrx_word' id='word_1_58' title='bbox 1231 480 1456 518; x_wconf 86' lang='lat' dir='ltr'>uendiderit</span> <span class='ocrx_word' id='word_1_59' title='bbox 1488 493 1573 518; x_wconf 92' lang='lat' dir='ltr'>cum</span> 
     </span>
     <span class='ocr_line' id='line_1_9' title="bbox 225 537 1575 588; baseline 0.001 -14"><span class='ocrx_word' id='word_1_60' title='bbox 225 539 349 575; x_wconf 79' lang='lat' dir='ltr'>totius</span> <span class='ocrx_word' id='word_1_61' title='bbox 395 537 515 575; x_wconf 83' lang='lat' dir='ltr'>etiam</span> <span class='ocrx_word' id='word_1_62' title='bbox 559 550 653 575; x_wconf 88' lang='lat' dir='ltr'>suae</span> <span class='ocrx_word' id='word_1_63' title='bbox 698 538 833 588; x_wconf 88' lang='lat' dir='ltr'>stirpis</span> <span class='ocrx_word' id='word_1_64' title='bbox 873 538 1021 576; x_wconf 76' lang='lat' dir='ltr'>exitio?</span> <span class='ocrx_word' id='word_1_65' title='bbox 1082 540 1136 577; x_wconf 86' lang='lat' dir='ltr'>sic</span> <span class='ocrx_word' id='word_1_66' title='bbox 1174 539 1351 577; x_wconf 89' lang='lat' dir='ltr'>hercules</span> <span class='ocrx_word' id='word_1_67' title='bbox 1391 541 1428 577; x_wconf 86' lang='lat' dir='ltr'>et</span> <span class='ocrx_word' id='word_1_68' title='bbox 1467 540 1575 577; x_wconf 81' lang='lat' dir='ltr'>aliud</span> 
     </span>
     <span class='ocr_line' id='line_1_10' title="bbox 225 596 1574 646; baseline 0.001 -11"><span class='ocrx_word' id='word_1_69' title='bbox 225 610 390 646; x_wconf 83' lang='lat' dir='ltr'>sequens</span> <span class='ocrx_word' id='word_1_70' title='bbox 428 596 619 634; x_wconf 88' lang='lat' dir='ltr'>iudicium</span> <span class='ocrx_word' id='word_1_71' title='bbox 657 597 761 635; x_wconf 86' lang='lat' dir='ltr'>inter</span> <span class='ocrx_word' id='word_1_72' title='bbox 792 597 949 636; x_wconf 82' lang='lat' dir='ltr'>inclitos</span> <span class='ocrx_word' id='word_1_73' title='bbox 981 597 1224 636; x_wconf 90' lang='lat' dir='ltr'>Achiuorum</span> <span class='ocrx_word' id='word_1_74' title='bbox 1257 598 1373 637; x_wconf 86' lang='lat' dir='ltr'>duces</span> <span class='ocrx_word' id='word_1_75' title='bbox 1406 599 1574 637; x_wconf 86' lang='lat' dir='ltr'>celebra-</span> 
     </span>
     <span class='ocr_line' id='line_1_11' title="bbox 224 656 1573 704; baseline 0.001 -10"><span class='ocrx_word' id='word_1_76' title='bbox 224 658 326 704; x_wconf 85' lang='lat' dir='ltr'>tum,</span> <span class='ocrx_word' id='word_1_77' title='bbox 365 657 429 694; x_wconf 90' lang='lat' dir='ltr'>uel</span> <span class='ocrx_word' id='word_1_78' title='bbox 468 669 555 694; x_wconf 90' lang='lat' dir='ltr'>cum</span> <span class='ocrx_word' id='word_1_79' title='bbox 588 657 698 694; x_wconf 87' lang='lat' dir='ltr'>falsis</span> <span class='ocrx_word' id='word_1_80' title='bbox 730 656 1093 696; x_wconf 76' lang='lat' dir='ltr'>insimulationibus</span> <span class='ocrx_word' id='word_1_81' title='bbox 1126 657 1346 696; x_wconf 70' lang='lat' dir='ltr'>eruditione</span> <span class='ocrx_word' id='word_1_82' title='bbox 1378 658 1573 696; x_wconf 77' lang='lat' dir='ltr'>doctrina-</span> 
     </span>
     <span class='ocr_line' id='line_1_12' title="bbox 172 714 1575 768; baseline 0.002 -16"><span class='ocrx_word' id='word_1_83' title='bbox 172 724 205 747; x_wconf 81' lang='lat'>10</span> <span class='ocrx_word' id='word_1_84' title='bbox 227 729 301 764; x_wconf 84' lang='lat' dir='ltr'>que</span> <span class='ocrx_word' id='word_1_85' title='bbox 329 715 575 765; x_wconf 84' lang='lat' dir='ltr'>praepollens</span> <span class='ocrx_word' id='word_1_86' title='bbox 595 715 827 754; x_wconf 80' lang='lat' dir='ltr'>Palamedes</span> <span class='ocrx_word' id='word_1_87' title='bbox 854 716 1090 766; x_wconf 77' lang='lat' dir='ltr'>proditionis</span> <span class='ocrx_word' id='word_1_88' title='bbox 1117 717 1328 755; x_wconf 89' lang='lat' dir='ltr'>damnatur</span> <span class='ocrx_word' id='word_1_89' title='bbox 1353 714 1443 768; x_wconf 65' lang='grc' dir='ltr'>(ποῖ</span> <span class='ocrx_word' id='word_1_90' title='bbox 1462 715 1575 767; x_wconf 73' lang='lat' dir='ltr'>omn&gt;</span> 
     </span>
     <span class='ocr_line' id='line_1_13' title="bbox 224 775 1575 824; baseline 0.001 -12"><span class='ocrx_word' id='word_1_91' title='bbox 224 775 373 812; x_wconf 87' lang='lat' dir='ltr'>uirtute</span> <span class='ocrx_word' id='word_1_92' title='bbox 399 775 544 812; x_wconf 87' lang='lat' dir='ltr'>Martia</span> <span class='ocrx_word' id='word_1_93' title='bbox 572 776 823 824; x_wconf 88' lang='lat' dir='ltr'>praepotenti</span> <span class='ocrx_word' id='word_1_94' title='bbox 848 777 1070 824; x_wconf 87' lang='lat' dir='ltr'>praefertur</span> <span class='ocrx_word' id='word_1_95' title='bbox 1104 777 1136 813; x_wconf 82' lang='lat' dir='ltr'><em>V</em></span> <span class='ocrx_word' id='word_1_96' title='bbox 1139 777 1233 814; x_wconf 63' lang='lat' dir='ltr'>limes</span> <span class='ocrx_word' id='word_1_97' title='bbox 1259 777 1434 815; x_wconf 91' lang='lat' dir='ltr'>modicus</span> <span class='ocrx_word' id='word_1_98' title='bbox 1461 777 1575 815; x_wconf 89' lang='lat' dir='ltr'>Aiaci</span> 
     </span>
     <span class='ocr_line' id='line_1_14' title="bbox 156 835 1574 887; baseline 0.002 -16"><span class='ocrx_word' id='word_1_99' title='bbox 156 841 205 866; x_wconf 71' lang='lat'>747</span> <span class='ocrx_word' id='word_1_100' title='bbox 225 836 407 873; x_wconf 82' lang='lat' dir='ltr'>maximo.</span> <span class='ocrx_word' id='word_1_101' title='bbox 472 835 588 883; x_wconf 87' lang='lat' dir='ltr'>quale</span> <span class='ocrx_word' id='word_1_102' title='bbox 632 837 764 872; x_wconf 82' lang='lat' dir='ltr'>autem</span> <span class='ocrx_word' id='word_1_103' title='bbox 810 837 848 872; x_wconf 90' lang='lat' dir='ltr'>et</span> <span class='ocrx_word' id='word_1_104' title='bbox 885 835 984 872; x_wconf 83' lang='lat' dir='ltr'>illud</span> <span class='ocrx_word' id='word_1_105' title='bbox 1021 835 1210 873; x_wconf 86' lang='lat' dir='ltr'>iudicium</span> <span class='ocrx_word' id='word_1_106' title='bbox 1249 836 1353 885; x_wconf 89' lang='lat' dir='ltr'>apud</span> <span class='ocrx_word' id='word_1_107' title='bbox 1390 836 1574 887; x_wconf 79' lang='lat' dir='ltr'>legiferos</span> 
     </span>
     <span class='ocr_line' id='line_1_15' title="bbox 224 892 1575 946; baseline 0.001 -15"><span class='ocrx_word' id='word_1_108' title='bbox 224 894 485 932; x_wconf 72' lang='lat' dir='ltr'>Athenienses</span> <span class='ocrx_word' id='word_1_109' title='bbox 530 895 636 932; x_wconf 88' lang='lat' dir='ltr'>catos</span> <span class='ocrx_word' id='word_1_110' title='bbox 681 894 770 932; x_wconf 85' lang='lat' dir='ltr'>illos</span> <span class='ocrx_word' id='word_1_111' title='bbox 816 896 854 932; x_wconf 91' lang='lat' dir='ltr'>et</span> <span class='ocrx_word' id='word_1_112' title='bbox 892 892 1074 945; x_wconf 75' lang='lat' dir='ltr'>omni&lt;s&gt;</span> <span class='ocrx_word' id='word_1_113' title='bbox 1112 895 1297 933; x_wconf 74' lang='lat' dir='ltr'>scientiae</span> <span class='ocrx_word' id='word_1_114' title='bbox 1336 895 1575 946; x_wconf 75' lang='lat' dir='ltr'>magistros?</span> 
     </span>
     <span class='ocr_line' id='line_1_16' title="bbox 225 953 1575 1004; baseline 0.001 -14"><span class='ocrx_word' id='word_1_115' title='bbox 225 967 352 991; x_wconf 85' lang='lat' dir='ltr'>nonne</span> <span class='ocrx_word' id='word_1_116' title='bbox 386 954 544 991; x_wconf 87' lang='lat' dir='ltr'>diuinae</span> <span class='ocrx_word' id='word_1_117' title='bbox 575 953 810 1002; x_wconf 83' lang='lat' dir='ltr'>prudentiae</span> <span class='ocrx_word' id='word_1_118' title='bbox 843 966 969 1002; x_wconf 82' lang='lat' dir='ltr'>senex,</span> <span class='ocrx_word' id='word_1_119' title='bbox 1006 967 1124 1004; x_wconf 90' lang='lat' dir='ltr'>quem</span> <span class='ocrx_word' id='word_1_120' title='bbox 1156 956 1352 1004; x_wconf 84' lang='lat' dir='ltr'>sapientia</span> <span class='ocrx_word' id='word_1_121' title='bbox 1383 956 1575 1004; x_wconf 90' lang='lat' dir='ltr'>praetulit</span> 
     </span>
     <span class='ocr_line' id='line_1_17' title="bbox 172 1013 1573 1062; baseline 0.001 -12"><span class='ocrx_word' id='word_1_122' title='bbox 172 1020 203 1046; x_wconf 83' lang='lat'>15</span> <span class='ocrx_word' id='word_1_123' title='bbox 225 1015 376 1051; x_wconf 81' lang='lat' dir='ltr'>cunctis</span> <span class='ocrx_word' id='word_1_124' title='bbox 414 1013 647 1051; x_wconf 84' lang='lat' dir='ltr'>mortalibus</span> <span class='ocrx_word' id='word_1_125' title='bbox 687 1013 780 1051; x_wconf 85' lang='lat' dir='ltr'>deus</span> <span class='ocrx_word' id='word_1_126' title='bbox 813 1013 1045 1062; x_wconf 89' lang='lat' dir='ltr'>Delphicus,</span> <span class='ocrx_word' id='word_1_127' title='bbox 1083 1014 1220 1051; x_wconf 85' lang='lat' dir='ltr'>fraude</span> <span class='ocrx_word' id='word_1_128' title='bbox 1256 1016 1294 1051; x_wconf 90' lang='lat' dir='ltr'>et</span> <span class='ocrx_word' id='word_1_129' title='bbox 1325 1014 1479 1052; x_wconf 88' lang='lat' dir='ltr'>inuidia</span> <span class='ocrx_word' id='word_1_130' title='bbox 1510 1028 1573 1052; x_wconf 92' lang='lat' dir='ltr'>ne-</span> 
     </span>
     <span class='ocr_line' id='line_1_18' title="bbox 225 1072 1573 1122; baseline 0.001 -13"><span class='ocrx_word' id='word_1_131' title='bbox 225 1072 439 1122; x_wconf 84' lang='lat' dir='ltr'>quissimae</span> <span class='ocrx_word' id='word_1_132' title='bbox 480 1072 663 1111; x_wconf 73' lang='lat' dir='ltr'>factionis</span> <span class='ocrx_word' id='word_1_133' title='bbox 702 1073 992 1111; x_wconf 87' lang='lat' dir='ltr'>circumuentus</span> <span class='ocrx_word' id='word_1_134' title='bbox 1030 1073 1141 1110; x_wconf 88' lang='lat' dir='ltr'>uelut</span> <span class='ocrx_word' id='word_1_135' title='bbox 1179 1075 1384 1122; x_wconf 87' lang='lat' dir='ltr'>corruptor</span> <span class='ocrx_word' id='word_1_136' title='bbox 1422 1074 1573 1112; x_wconf 91' lang='lat' dir='ltr'>adules-</span> 
     </span>
     <span class='ocr_line' id='line_1_19' title="bbox 225 1132 1573 1182; baseline 0.001 -13"><span class='ocrx_word' id='word_1_137' title='bbox 225 1133 394 1181; x_wconf 87' lang='lat' dir='ltr'>centiae,</span> <span class='ocrx_word' id='word_1_138' title='bbox 434 1145 554 1182; x_wconf 85' lang='lat' dir='ltr'>quam</span> <span class='ocrx_word' id='word_1_139' title='bbox 593 1132 714 1170; x_wconf 86' lang='lat' dir='ltr'>frenis</span> <span class='ocrx_word' id='word_1_140' title='bbox 752 1132 1000 1181; x_wconf 77' lang='lat' dir='ltr'>cohercebat,</span> <span class='ocrx_word' id='word_1_141' title='bbox 1039 1132 1181 1170; x_wconf 84' lang='lat' dir='ltr'>herbae</span> <span class='ocrx_word' id='word_1_142' title='bbox 1220 1134 1441 1182; x_wconf 83' lang='lat' dir='ltr'>pestilentis</span> <span class='ocrx_word' id='word_1_143' title='bbox 1479 1146 1573 1171; x_wconf 88' lang='lat' dir='ltr'>suco</span> 
     </span>
     <span class='ocr_line' id='line_1_20' title="bbox 224 1191 1573 1243; baseline 0.001 -14"><span class='ocrx_word' id='word_1_144' title='bbox 224 1193 340 1229; x_wconf 82' lang='lat' dir='ltr'>noxio</span> <span class='ocrx_word' id='word_1_145' title='bbox 373 1194 599 1241; x_wconf 85' lang='lat' dir='ltr'>peremptus</span> <span class='ocrx_word' id='word_1_146' title='bbox 631 1193 691 1230; x_wconf 89' lang='lat' dir='ltr'>est</span> <span class='ocrx_word' id='word_1_147' title='bbox 722 1191 948 1241; x_wconf 86' lang='lat' dir='ltr'>relinquens</span> <span class='ocrx_word' id='word_1_148' title='bbox 981 1192 1132 1230; x_wconf 89' lang='lat' dir='ltr'>ciuibus</span> <span class='ocrx_word' id='word_1_149' title='bbox 1165 1192 1405 1243; x_wconf 80' lang='lat' dir='ltr'>ignominiae</span> <span class='ocrx_word' id='word_1_150' title='bbox 1438 1205 1573 1242; x_wconf 88' lang='lat' dir='ltr'>perpe-</span> 
     </span>
     <span class='ocr_line' id='line_1_21' title="bbox 224 1252 1572 1301; baseline 0.001 -13"><span class='ocrx_word' id='word_1_151' title='bbox 224 1253 314 1288; x_wconf 89' lang='lat' dir='ltr'>tuae</span> <span class='ocrx_word' id='word_1_152' title='bbox 347 1252 555 1299; x_wconf 81' lang='lat' dir='ltr'>maculam,</span> <span class='ocrx_word' id='word_1_153' title='bbox 587 1263 675 1289; x_wconf 88' lang='lat' dir='ltr'>cum</span> <span class='ocrx_word' id='word_1_154' title='bbox 707 1264 809 1288; x_wconf 89' lang='lat' dir='ltr'>nunc</span> <span class='ocrx_word' id='word_1_155' title='bbox 842 1252 962 1289; x_wconf 86' lang='lat' dir='ltr'>etiam</span> <span class='ocrx_word' id='word_1_156' title='bbox 994 1253 1144 1301; x_wconf 77' lang='lat' dir='ltr'>egregii</span> <span class='ocrx_word' id='word_1_157' title='bbox 1174 1252 1401 1301; x_wconf 83' lang='lat' dir='ltr'>philosophi</span> <span class='ocrx_word' id='word_1_158' title='bbox 1427 1253 1572 1290; x_wconf 83' lang='lat' dir='ltr'>sectam</span> 
     </span>
     <span class='ocr_line' id='line_1_22' title="bbox 169 1306 1573 1361; baseline 0.001 -14"><span class='ocrx_word' id='word_1_159' title='bbox 169 1320 202 1344; x_wconf 71' lang='lat'>20</span> <span class='ocrx_word' id='word_1_160' title='bbox 224 1306 362 1361; x_wconf 77' lang='lat' dir='ltr'>ei&lt;u&gt;s</span> <span class='ocrx_word' id='word_1_161' title='bbox 413 1310 700 1349; x_wconf 82' lang='lat' dir='ltr'>sanctissimam</span> <span class='ocrx_word' id='word_1_162' title='bbox 749 1312 984 1359; x_wconf 77' lang='lat' dir='ltr'>praeoptent</span> <span class='ocrx_word' id='word_1_163' title='bbox 1034 1312 1072 1348; x_wconf 89' lang='lat' dir='ltr'>et</span> <span class='ocrx_word' id='word_1_164' title='bbox 1121 1323 1273 1349; x_wconf 85' lang='lat' dir='ltr'>summo</span> <span class='ocrx_word' id='word_1_165' title='bbox 1318 1308 1573 1349; x_wconf 85' lang='lat' dir='ltr'>beatitudinis</span> 
     </span>
     <span class='ocr_line' id='line_1_23' title="bbox 222 1370 1572 1421; baseline 0.001 -14"><span class='ocrx_word' id='word_1_166' title='bbox 222 1370 353 1409; x_wconf 89' lang='lat' dir='ltr'>studio</span> <span class='ocrx_word' id='word_1_167' title='bbox 392 1371 523 1407; x_wconf 90' lang='lat' dir='ltr'>iurent</span> <span class='ocrx_word' id='word_1_168' title='bbox 560 1371 602 1407; x_wconf 87' lang='lat' dir='ltr'>in</span> <span class='ocrx_word' id='word_1_169' title='bbox 640 1370 764 1419; x_wconf 88' lang='lat' dir='ltr'>ipsius</span> <span class='ocrx_word' id='word_1_170' title='bbox 798 1371 957 1408; x_wconf 84' lang='lat' dir='ltr'>nomen!</span> <span class='ocrx_word' id='word_1_171' title='bbox 1020 1370 1087 1407; x_wconf 91' lang='lat' dir='ltr'>sed</span> <span class='ocrx_word' id='word_1_172' title='bbox 1119 1370 1257 1420; x_wconf 89' lang='lat' dir='ltr'>nequis</span> <span class='ocrx_word' id='word_1_173' title='bbox 1288 1370 1572 1421; x_wconf 75' lang='lat' dir='ltr'>indignationis</span> 
     </span>
     <span class='ocr_line' id='line_1_24' title="bbox 223 1427 1572 1479; baseline 0.001 -12"><span class='ocrx_word' id='word_1_174' title='bbox 223 1442 331 1467; x_wconf 87' lang='lat' dir='ltr'>meae</span> <span class='ocrx_word' id='word_1_175' title='bbox 381 1429 643 1479; x_wconf 87' lang='lat' dir='ltr'>reprehendat</span> <span class='ocrx_word' id='word_1_176' title='bbox 692 1431 885 1478; x_wconf 88' lang='lat' dir='ltr'>impetum</span> <span class='ocrx_word' id='word_1_177' title='bbox 936 1443 1067 1467; x_wconf 85' lang='lat' dir='ltr'>secum</span> <span class='ocrx_word' id='word_1_178' title='bbox 1117 1430 1171 1467; x_wconf 85' lang='lat' dir='ltr'>sic</span> <span class='ocrx_word' id='word_1_179' title='bbox 1214 1432 1418 1479; x_wconf 87' lang='lat' dir='ltr'>reputans:</span> <span class='ocrx_word' id='word_1_180' title='bbox 1470 1427 1572 1468; x_wconf 84' lang='lat' dir='ltr'>‘ecce</span> 
     </span>
     <span class='ocr_line' id='line_1_25' title="bbox 222 1484 1626 1541; baseline 0.001 -15"><span class='ocrx_word' id='word_1_181' title='bbox 222 1502 324 1526; x_wconf 91' lang='lat' dir='ltr'>nunc</span> <span class='ocrx_word' id='word_1_182' title='bbox 373 1490 574 1538; x_wconf 87' lang='lat' dir='ltr'>patiemur</span> <span class='ocrx_word' id='word_1_183' title='bbox 622 1484 980 1541; x_wconf 33' lang='lat' dir='ltr'>philosophansstem</span> <span class='ocrx_word' id='word_1_184' title='bbox 1030 1488 1142 1527; x_wconf 90' lang='lat' dir='ltr'>nobis</span> <span class='ocrx_word' id='word_1_185' title='bbox 1194 1486 1375 1536; x_wconf 73' lang='lat' dir='ltr'>asinum&#39;,</span> <span class='ocrx_word' id='word_1_186' title='bbox 1425 1502 1571 1538; x_wconf 87' lang='lat' dir='ltr'>rursus,</span> <span class='ocrx_word' id='word_1_187' title='bbox 1592 1498 1626 1521; x_wconf 74' lang='lat'>20</span> 
     </span>
     <span class='ocr_line' id='line_1_26' title="bbox 223 1548 1030 1596; baseline 0 -11"><span class='ocrx_word' id='word_1_188' title='bbox 223 1548 323 1586; x_wconf 85' lang='lat' dir='ltr'>unde</span> <span class='ocrx_word' id='word_1_189' title='bbox 356 1548 520 1596; x_wconf 86' lang='lat' dir='ltr'>decessi,</span> <span class='ocrx_word' id='word_1_190' title='bbox 552 1551 730 1586; x_wconf 83' lang='lat' dir='ltr'>reuertar</span> <span class='ocrx_word' id='word_1_191' title='bbox 763 1548 812 1586; x_wconf 83' lang='lat' dir='ltr'>ad</span> <span class='ocrx_word' id='word_1_192' title='bbox 844 1549 1030 1586; x_wconf 85' lang='lat' dir='ltr'>fabulam.</span> 
     </span>
     <span class='ocr_line' id='line_1_27' title="bbox 150 1607 1570 1657; baseline -0.003 -8"><span class='ocrx_word' id='word_1_193' title='bbox 150 1614 199 1649; x_wconf 81' lang='lat'>34</span> <span class='ocrx_word' id='word_1_194' title='bbox 310 1607 524 1657; x_wconf 85' lang='lat' dir='ltr'>Postquam</span> <span class='ocrx_word' id='word_1_195' title='bbox 572 1608 727 1646; x_wconf 88' lang='lat' dir='ltr'>finitum</span> <span class='ocrx_word' id='word_1_196' title='bbox 773 1609 830 1646; x_wconf 84' lang='lat' dir='ltr'>est</span> <span class='ocrx_word' id='word_1_197' title='bbox 873 1608 972 1645; x_wconf 85' lang='lat' dir='ltr'>illud</span> <span class='ocrx_word' id='word_1_198' title='bbox 1016 1608 1171 1645; x_wconf 88' lang='lat' dir='ltr'>Paridis</span> <span class='ocrx_word' id='word_1_199' title='bbox 1216 1608 1422 1655; x_wconf 83' lang='lat' dir='ltr'>iudicium,</span> <span class='ocrx_word' id='word_1_200' title='bbox 1472 1608 1570 1645; x_wconf 85' lang='lat' dir='ltr'>luno</span> 
     </span>
     <span class='ocr_line' id='line_1_28' title="bbox 168 1667 1570 1716; baseline 0.002 -14"><span class='ocrx_word' id='word_1_201' title='bbox 168 1677 200 1702; x_wconf 77' lang='lat'>26</span> <span class='ocrx_word' id='word_1_202' title='bbox 222 1667 379 1716; x_wconf 88' lang='lat' dir='ltr'>quidem</span> <span class='ocrx_word' id='word_1_203' title='bbox 424 1681 513 1706; x_wconf 91' lang='lat' dir='ltr'>cum</span> <span class='ocrx_word' id='word_1_204' title='bbox 550 1667 731 1705; x_wconf 89' lang='lat' dir='ltr'>Minerua</span> <span class='ocrx_word' id='word_1_205' title='bbox 774 1668 907 1706; x_wconf 85' lang='lat' dir='ltr'>tristes</span> <span class='ocrx_word' id='word_1_206' title='bbox 953 1669 991 1705; x_wconf 89' lang='lat' dir='ltr'>et</span> <span class='ocrx_word' id='word_1_207' title='bbox 1034 1668 1148 1705; x_wconf 87' lang='lat' dir='ltr'>iratis</span> <span class='ocrx_word' id='word_1_208' title='bbox 1187 1667 1333 1705; x_wconf 86' lang='lat' dir='ltr'>similes</span> <span class='ocrx_word' id='word_1_209' title='bbox 1372 1681 1391 1704; x_wconf 90' lang='lat' dir='ltr'>e</span> <span class='ocrx_word' id='word_1_210' title='bbox 1430 1680 1570 1705; x_wconf 85' lang='lat' dir='ltr'>scaena</span> 
     </span>
     <span class='ocr_line' id='line_1_29' title="bbox 220 1726 1569 1778; baseline 0 -14"><span class='ocrx_word' id='word_1_211' title='bbox 220 1727 396 1775; x_wconf 87' lang='lat' dir='ltr'>redeunt,</span> <span class='ocrx_word' id='word_1_212' title='bbox 427 1726 741 1777; x_wconf 84' lang='lat' dir='ltr'>indignationem</span> <span class='ocrx_word' id='word_1_213' title='bbox 773 1727 953 1777; x_wconf 86' lang='lat' dir='ltr'>repulsae</span> <span class='ocrx_word' id='word_1_214' title='bbox 985 1726 1159 1778; x_wconf 84' lang='lat' dir='ltr'>gestibus</span> <span class='ocrx_word' id='word_1_215' title='bbox 1193 1727 1403 1775; x_wconf 84' lang='lat' dir='ltr'>professae,</span> <span class='ocrx_word' id='word_1_216' title='bbox 1436 1727 1569 1764; x_wconf 86' lang='lat' dir='ltr'>Venus</span> 
     </span>
     <span class='ocr_line' id='line_1_30' title="bbox 220 1785 1569 1837; baseline -0.001 -13"><span class='ocrx_word' id='word_1_217' title='bbox 220 1799 313 1824; x_wconf 85' lang='lat' dir='ltr'>uero</span> <span class='ocrx_word' id='word_1_218' title='bbox 345 1786 520 1837; x_wconf 88' lang='lat' dir='ltr'>gaudens</span> <span class='ocrx_word' id='word_1_219' title='bbox 553 1788 592 1824; x_wconf 89' lang='lat' dir='ltr'>et</span> <span class='ocrx_word' id='word_1_220' title='bbox 623 1786 760 1824; x_wconf 89' lang='lat' dir='ltr'>hilaris</span> <span class='ocrx_word' id='word_1_221' title='bbox 792 1786 987 1824; x_wconf 85' lang='lat' dir='ltr'>laetitiam</span> <span class='ocrx_word' id='word_1_222' title='bbox 1019 1798 1131 1824; x_wconf 88' lang='lat' dir='ltr'>suam</span> <span class='ocrx_word' id='word_1_223' title='bbox 1163 1785 1344 1824; x_wconf 81' lang='lat' dir='ltr'>saltando</span> <span class='ocrx_word' id='word_1_224' title='bbox 1370 1787 1454 1824; x_wconf 87' lang='lat' dir='ltr'>toto</span> <span class='ocrx_word' id='word_1_225' title='bbox 1483 1799 1569 1824; x_wconf 90' lang='lat' dir='ltr'>cum</span> 
     </span>
     <span class='ocr_line' id='line_1_31' title="bbox 220 1846 1572 1895; baseline 0 -13"><span class='ocrx_word' id='word_1_226' title='bbox 220 1846 337 1884; x_wconf 87' lang='lat' dir='ltr'>choro</span> <span class='ocrx_word' id='word_1_227' title='bbox 370 1847 547 1895; x_wconf 86' lang='lat' dir='ltr'>professa</span> <span class='ocrx_word' id='word_1_228' title='bbox 579 1847 647 1884; x_wconf 92' lang='lat' dir='ltr'>est.</span> <span class='ocrx_word' id='word_1_229' title='bbox 701 1848 796 1884; x_wconf 88' lang='lat' dir='ltr'>tunc</span> <span class='ocrx_word' id='word_1_230' title='bbox 828 1846 874 1883; x_wconf 88' lang='lat' dir='ltr'>de</span> <span class='ocrx_word' id='word_1_231' title='bbox 906 1858 1056 1883; x_wconf 86' lang='lat' dir='ltr'>summo</span> <span class='ocrx_word' id='word_1_232' title='bbox 1089 1846 1234 1883; x_wconf 89' lang='lat' dir='ltr'>montis</span> <span class='ocrx_word' id='word_1_233' title='bbox 1268 1847 1468 1883; x_wconf 85' lang='lat' dir='ltr'>cacumine</span> <span class='ocrx_word' id='word_1_234' title='bbox 1501 1858 1572 1894; x_wconf 89' lang='lat' dir='ltr'>per</span> 
     </span>
    </p>
   </div>
   <div class='ocr_carea' id='block_1_3' title="bbox 315 2029 1522 2075">
    <p class='ocr_par' dir='ltr' id='par_1_3' title="bbox 315 2029 1522 2075">
     <span class='ocr_line' id='line_1_32' title="bbox 315 2029 1522 2075; baseline -0.001 -10"><span class='ocrx_word' id='word_1_235' title='bbox 315 2030 341 2065; x_wconf 77' lang='lat' dir='ltr'><strong>F</strong></span> <span class='ocrx_word' id='word_1_236' title='bbox 364 2030 459 2065; x_wconf 57' lang='lat'>177¹).</span> <span class='ocrx_word' id='word_1_237' title='bbox 488 2045 514 2075; x_wconf 83' lang='grc' dir='ltr'>φ</span> <span class='ocrx_word' id='word_1_238' title='bbox 537 2033 598 2066; x_wconf 72' lang='lat'>68⁸</span> <span class='ocrx_word' id='word_1_239' title='bbox 608 2030 634 2064; x_wconf 80' lang='lat'>¹³.</span> <span class='ocrx_word' id='word_1_240' title='bbox 752 2038 766 2064; x_wconf 91' lang='lat'>1</span> <span class='ocrx_word' id='word_1_241' title='bbox 787 2029 973 2066; x_wconf 85' lang='lat' dir='ltr'>miramini</span> <span class='ocrx_word' id='word_1_242' title='bbox 995 2031 1024 2074; x_wconf 82' lang='lat' dir='ltr'>(r</span> <span class='ocrx_word' id='word_1_243' title='bbox 1044 2041 1132 2065; x_wconf 76' lang='lat' dir='ltr'>corr.</span> <span class='ocrx_word' id='word_1_244' title='bbox 1155 2029 1232 2064; x_wconf 75' lang='lat' dir='ltr'>ead.</span> <span class='ocrx_word' id='word_1_245' title='bbox 1256 2041 1298 2064; x_wconf 84' lang='lat' dir='ltr'>m.</span> <span class='ocrx_word' id='word_1_246' title='bbox 1318 2031 1403 2074; x_wconf 71' lang='lat' dir='ltr'>fort.</span> <span class='ocrx_word' id='word_1_247' title='bbox 1424 2041 1467 2064; x_wconf 70' lang='lat' dir='ltr'>ex</span> <span class='ocrx_word' id='word_1_248' title='bbox 1486 2031 1522 2072; x_wconf 86' lang='lat' dir='ltr'>n)</span> 
     </span>
    </p>
   </div>
   <div class='ocr_carea' id='block_1_4' title="bbox 219 2079 1567 2195">
    <p class='ocr_par' dir='ltr' id='par_1_4' title="bbox 219 2079 1567 2195">
     <span class='ocr_line' id='line_1_33' title="bbox 220 2079 1567 2146; baseline 0.001 -11"><span class='ocrx_word' id='word_1_249' title='bbox 220 2101 376 2136; x_wconf 80' lang='lat' dir='ltr'>ferensia</span> <span class='ocrx_word' id='word_1_250' title='bbox 408 2102 468 2146; x_wconf 82' lang='grc' dir='ltr'>(φ,</span> <span class='ocrx_word' id='word_1_251' title='bbox 500 2103 560 2136; x_wconf 77' lang='lat' dir='ltr'>sed</span> <span class='ocrx_word' id='word_1_252' title='bbox 591 2104 668 2142; x_wconf 84' lang='lat' dir='ltr'>em.)</span> <span class='ocrx_word' id='word_1_253' title='bbox 836 2109 855 2135; x_wconf 81' lang='grc'><strong>9</strong></span> <span class='ocrx_word' id='word_1_254' title='bbox 881 2101 941 2136; x_wconf 86' lang='lat' dir='ltr'>uel</span> <span class='ocrx_word' id='word_1_255' title='bbox 968 2102 1035 2137; x_wconf 76' lang='lat' dir='ltr'>del.</span> <span class='ocrx_word' id='word_1_256' title='bbox 1062 2102 1136 2137; x_wconf 86' lang='lat' dir='ltr'>Leo</span> <span class='ocrx_word' id='word_1_257' title='bbox 1305 2101 1390 2146; x_wconf 72' lang='lat' dir='ltr'>losll</span> <span class='ocrx_word' id='word_1_258' title='bbox 1417 2079 1534 2136; x_wconf 54' lang='lat' dir='ltr'>danai</span> <span class='ocrx_word' id='word_1_259' title='bbox 1561 2129 1567 2136; x_wconf 96' lang='lat'>.</span> 
     </span>
     <span class='ocr_line' id='line_1_34' title="bbox 219 2148 1566 2195; baseline 0.001 -13"><span class='ocrx_word' id='word_1_260' title='bbox 219 2150 360 2184; x_wconf 79' lang='lat' dir='ltr'>uirtute</span> <span class='ocrx_word' id='word_1_261' title='bbox 385 2149 440 2194; x_wconf 77' lang='lat' dir='ltr'>(in</span> <span class='ocrx_word' id='word_1_262' title='bbox 464 2161 533 2195; x_wconf 74' lang='lat' dir='ltr'>my.</span> <span class='ocrx_word' id='word_1_263' title='bbox 554 2149 576 2183; x_wconf 90' lang='lat' dir='ltr'>d</span> <span class='ocrx_word' id='word_1_264' title='bbox 603 2151 647 2193; x_wconf 74' lang='lat' dir='ltr'>cf.</span> <span class='ocrx_word' id='word_1_265' title='bbox 669 2151 784 2194; x_wconf 80' lang='lat' dir='ltr'>praes.</span> <span class='ocrx_word' id='word_1_266' title='bbox 805 2152 865 2194; x_wconf 77' lang='lat'>34)</span> <span class='ocrx_word' id='word_1_267' title='bbox 963 2148 1078 2195; x_wconf 82' lang='lat' dir='ltr'>&lt;uel&gt;</span> <span class='ocrx_word' id='word_1_268' title='bbox 1110 2161 1127 2183; x_wconf 79' lang='grc' dir='ltr'>υ</span> <span class='ocrx_word' id='word_1_269' title='bbox 1154 2148 1241 2194; x_wconf 86' lang='lat' dir='ltr'>&lt;uel</span> <span class='ocrx_word' id='word_1_270' title='bbox 1267 2148 1373 2184; x_wconf 86' lang='lat' dir='ltr'>heres</span> <span class='ocrx_word' id='word_1_271' title='bbox 1399 2148 1566 2193; x_wconf 81' lang='lat' dir='ltr'>Achilli&gt;</span> 
     </span>
    </p>
   </div>
   <div class='ocr_carea' id='block_1_5' title="bbox 218 2195 1567 2372">
    <p class='ocr_par' dir='ltr' id='par_1_5' title="bbox 218 2195 1567 2372">
     <span class='ocr_line' id='line_1_35' title="bbox 219 2195 1567 2250; baseline -0.001 -19"><span class='ocrx_word' id='word_1_272' title='bbox 219 2197 326 2231; x_wconf 58' lang='lat' dir='ltr'>del</span> <span class='ocrx_word' id='word_1_273' title='bbox 354 2195 440 2243; x_wconf 85' lang='lat' dir='ltr'>&lt;uel</span> <span class='ocrx_word' id='word_1_274' title='bbox 468 2196 578 2242; x_wconf 82' lang='lat' dir='ltr'>eum&gt;</span> <span class='ocrx_word' id='word_1_275' title='bbox 608 2198 666 2250; x_wconf 58' lang='lat' dir='ltr'>He</span> <span class='ocrx_word' id='word_1_276' title='bbox 762 2204 794 2231; x_wconf 84' lang='grc' dir='ltr'>ιι</span> <span class='ocrx_word' id='word_1_277' title='bbox 822 2196 949 2231; x_wconf 82' lang='lat' dir='ltr'>auxiel‘</span> <span class='ocrx_word' id='word_1_278' title='bbox 970 2208 1032 2231; x_wconf 83' lang='lat' dir='ltr'>em.</span> <span class='ocrx_word' id='word_1_279' title='bbox 1061 2198 1112 2231; x_wconf 73' lang='lat' dir='ltr'>ed.</span> <span class='ocrx_word' id='word_1_280' title='bbox 1134 2208 1193 2241; x_wconf 72' lang='lat' dir='ltr'>pr.</span> <span class='ocrx_word' id='word_1_281' title='bbox 1292 2203 1327 2229; x_wconf 79' lang='grc'>13</span> <span class='ocrx_word' id='word_1_282' title='bbox 1353 2196 1426 2231; x_wconf 66' lang='lat' dir='ltr'>offii</span> <span class='ocrx_word' id='word_1_283' title='bbox 1453 2197 1500 2230; x_wconf 81' lang='lat' dir='ltr'>al.</span> <span class='ocrx_word' id='word_1_284' title='bbox 1522 2208 1567 2231; x_wconf 82' lang='lat' dir='ltr'>m..</span> 
     </span>
     <span class='ocr_line' id='line_1_36' title="bbox 218 2246 1564 2325; baseline -0.001 -11"><span class='ocrx_word' id='word_1_285' title='bbox 218 2280 302 2314; x_wconf 75' lang='lat' dir='ltr'>add.</span> <span class='ocrx_word' id='word_1_286' title='bbox 334 2280 349 2313; x_wconf 78' lang='lat'>1·</span> <span class='ocrx_word' id='word_1_287' title='bbox 370 2281 425 2324; x_wconf 72' lang='grc' dir='ltr'>(φ)</span> <span class='ocrx_word' id='word_1_288' title='bbox 561 2246 788 2324; x_wconf 58' lang='lat' dir='ltr'>lopflilol&#39;ophi</span> <span class='ocrx_word' id='word_1_289' title='bbox 815 2291 876 2315; x_wconf 80' lang='lat' dir='ltr'>em.</span> <span class='ocrx_word' id='word_1_290' title='bbox 905 2280 982 2314; x_wconf 77' lang='lat' dir='ltr'>cad.</span> <span class='ocrx_word' id='word_1_291' title='bbox 1012 2292 1054 2314; x_wconf 81' lang='lat' dir='ltr'>m.</span> <span class='ocrx_word' id='word_1_292' title='bbox 1170 2287 1208 2314; x_wconf 74' lang='lat'>20</span> <span class='ocrx_word' id='word_1_293' title='bbox 1235 2290 1301 2325; x_wconf 70' lang='lat' dir='ltr'>e†*</span> <span class='ocrx_word' id='word_1_294' title='bbox 1331 2290 1419 2315; x_wconf 78' lang='lat' dir='ltr'>corr.</span> <span class='ocrx_word' id='word_1_295' title='bbox 1448 2280 1494 2314; x_wconf 82' lang='lat' dir='ltr'>al.</span> <span class='ocrx_word' id='word_1_296' title='bbox 1524 2292 1564 2314; x_wconf 83' lang='lat' dir='ltr'>m.</span> 
     </span>
     <span class='ocr_line' id='line_1_37' title="bbox 219 2326 1502 2372; baseline 0 -10"><span class='ocrx_word' id='word_1_297' title='bbox 219 2339 263 2362; x_wconf 63' lang='lat' dir='ltr'>ea:</span> <span class='ocrx_word' id='word_1_298' title='bbox 287 2327 342 2362; x_wconf 87' lang='lat' dir='ltr'>eis</span> <span class='ocrx_word' id='word_1_299' title='bbox 364 2330 417 2372; x_wconf 78' lang='grc' dir='ltr'>(φ,</span> <span class='ocrx_word' id='word_1_300' title='bbox 443 2327 504 2362; x_wconf 81' lang='lat' dir='ltr'>sed</span> <span class='ocrx_word' id='word_1_301' title='bbox 529 2339 592 2363; x_wconf 83' lang='lat' dir='ltr'>em.</span> <span class='ocrx_word' id='word_1_302' title='bbox 619 2329 696 2362; x_wconf 76' lang='lat' dir='ltr'>ead.</span> <span class='ocrx_word' id='word_1_303' title='bbox 723 2329 781 2371; x_wconf 82' lang='lat' dir='ltr'>m.)</span> <span class='ocrx_word' id='word_1_304' title='bbox 904 2334 939 2362; x_wconf 77' lang='lat'>27</span> <span class='ocrx_word' id='word_1_305' title='bbox 968 2327 1105 2362; x_wconf 74' lang='lat' dir='ltr'>cedunt</span> <span class='ocrx_word' id='word_1_306' title='bbox 1136 2328 1254 2363; x_wconf 81' lang='lat' dir='ltr'>Wasse</span> <span class='ocrx_word' id='word_1_307' title='bbox 1279 2326 1458 2362; x_wconf 77' lang='lat' dir='ltr'>recedunt</span> <span class='ocrx_word' id='word_1_308' title='bbox 1483 2339 1502 2362; x_wconf 87' lang='lat' dir='ltr'><em>v</em></span> 
     </span>
    </p>
   </div>
  </div>
 </body>
</html>
