1657 2526
223 88 307 129 194
370 85 544 119 APVLEI
569 84 1033 120 METAMORPHOSEON
1058 85 1145 120 ΜΒ.
1167 85 1260 128 VIII,
1288 90 1343 120 22.
1371 89 1414 119 23

152 160 219 184 Oud.

313 197 458 236 Seruus
498 197 670 247 quidam,
709 197 772 234 cui
810 194 1044 247 cuncta<m>
1082 197 1257 235 familiae
1294 198 1462 236 tutelam
1500 197 1566 235 do·
1588 205 1638 229 148

221 258 350 295 minus
377 259 609 306 permiserat
629 269 722 294 suus
743 258 887 305 quique
909 258 1191 305 possessionem
1211 258 1424 294 maximam
1443 257 1567 305 illam,

221 318 262 354 in
296 330 415 366 quam
447 317 756 364 deuerteramus,
788 316 1005 364 uillicabat,
1038 316 1182 354 habens
1210 329 1255 353 ex
1282 316 1416 354 eodem
1441 317 1566 354 famu-

221 377 308 414 litio
343 389 571 414 conseruam
610 377 837 425 coniugam,
874 375 1020 413 liberae
1061 375 1263 414 cuiusdam
1295 377 1565 424 extrariaeque

152 446 204 469 5⁶5
223 437 401 474 mulieris
434 432 687 486 flag<o>abat
719 434 912 484 cupidine.
964 447 1040 483 quo
1068 434 1200 473 dolore
1226 435 1444 484 paelicatus
1470 448 1568 472 uxor

185 504 199 528 6
220 496 305 533 eius
344 496 525 532 instricta
565 496 725 532 cunctas
764 494 898 531 mariti
930 495 1102 532 rationes
1136 496 1174 532 et
1206 494 1395 543 quicquid
1426 495 1565 533 horreo

219 555 470 593 reconditum
504 554 779 592 continebatur
810 553 968 591 admoto
1002 553 1215 592 combussit
1246 554 1347 603 igne.
1398 566 1468 591 nec
1494 554 1568 592 tali

222 615 363 652 damno
420 615 499 652 tori
542 613 603 651 sui
653 613 931 651 contumeliam
980 613 1199 651 uindicasse
1244 616 1442 662 contenta,
1487 614 1567 650 iam

221 668 370 714 conltra
408 685 478 710 sua
518 674 694 711 saeuiens
733 672 884 710 uiscera
915 673 1101 722 laqueum
1134 672 1207 710 sibi
1240 673 1362 710 nectit
1393 673 1567 710 infantu—

168 742 202 767 10
222 734 399 781 lumque,
439 746 553 781 quem
592 733 639 770 de
678 732 814 770 eodem
851 733 994 770 marito
1034 732 1112 768 iam
1151 732 1297 769 dudum
1330 734 1566 781 susceperat,

221 792 357 830 eodem
396 792 573 830 funiculo
612 792 738 829 nectit
777 804 894 841 seque
934 804 1003 841 per
1035 792 1271 829 altissimum
1302 794 1467 840 puteum
1502 791 1568 829 ad—

219 852 422 901 pendicem
462 846 685 904 paruusplum
722 852 881 889 trahens
922 851 1169 901 praecipitat.
1239 864 1359 900 quam
1400 853 1567 888 mortem

149 922 201 945 566
221 912 400 949 dominus
446 924 579 949 eorum
626 912 838 960 aegerrime
883 912 1078 949 sustinens
1117 910 1323 960 adreptum
1357 911 1567 958 seruulum,

221 971 288 1020 qui
322 983 480 1008 causam
518 972 623 1008 tanti
661 970 816 1008 sceleris
849 969 961 1008 uxori
993 982 1085 1007 suae
1116 971 1388 1019 praestiterat,
1420 969 1567 1007 nudum

167 1036 200 1062 15
221 1043 266 1068 ac
306 1033 435 1068 totum
480 1030 593 1067 melle
637 1030 825 1078 perlitum
866 1029 1031 1066 firmiter
1072 1029 1256 1080 alligauit
1297 1029 1428 1067 arbori
1459 1029 1566 1068 ficul-

220 1102 326 1139 neae,
361 1090 470 1128 cuius
502 1091 543 1126 in
576 1089 661 1138 ipso
695 1089 842 1126 carioso
875 1090 1011 1138 stipite
1043 1087 1407 1139 in<lz>a[›itantium
1433 1089 1567 1126 formi-

154 1155 206 1181 567
221 1161 353 1187 carum
381 1149 555 1187 nidificia
580 1148 806 1186 borriebant
832 1150 870 1185 et
896 1149 999 1186 ultro
1026 1149 1123 1186 citro
1144 1148 1415 1186 commeabant
1435 1148 1565 1186 multi·

220 1209 314 1259 iuga
356 1208 626 1258 scaturrigine.
690 1221 788 1257 quae
830 1208 947 1245 simul
989 1208 1139 1245 dulcem
1182 1221 1225 1245 ac
1258 1208 1450 1245 mellitum
1484 1220 1565 1245 cor-

220 1269 327 1318 poris
359 1268 536 1306 nidorem
562 1268 861 1317 persentiscunt,
893 1268 1027 1316 paruis
1055 1267 1224 1316 quidem,
1256 1267 1323 1305 sed
1350 1268 1565 1305 numerosis

168 1336 201 1360 20
222 1330 261 1365 et
305 1329 499 1366 continuis
540 1327 816 1365 morsiunculis
859 1328 1017 1376 penitus
1061 1327 1320 1375 inhaerentes,
1358 1340 1427 1376 per
1458 1326 1566 1377 longi

220 1388 409 1437 temporis
442 1386 718 1436 cruciatu<m>
748 1388 817 1434 ita,
856 1386 1037 1424 carnibus
1071 1389 1189 1435 atque
1222 1387 1317 1435 ipsis
1350 1385 1565 1424 uisceribus

221 1447 360 1495 adesis,
392 1447 549 1484 homine
582 1448 811 1495 consumpto
845 1445 1019 1483 membra
1045 1446 1255 1494 nudarunt,
1288 1448 1332 1483 ut
1365 1458 1453 1484 ossa
1479 1447 1565 1483 tan-

220 1509 305 1544 tum
346 1507 513 1544 uiduata
554 1506 684 1555 pulpis
726 1506 852 1543 nitore
893 1505 1013 1543 nimio
1055 1505 1263 1543 candentia
1294 1506 1472 1543 funestae
1506 1517 1565 1543 co-

169 1574 203 1599 24
222 1566 430 1604 haererent
461 1566 602 1603 arbori.
635 1586 692 1591 —

150 1631 199 1666 23
313 1625 397 1664 Hac
436 1638 590 1674 quoque
631 1624 855 1662 detestabili
887 1624 1041 1662 deserta
1072 1626 1285 1673 mansione,
1318 1636 1493 1674 paganos
1524 1623 1565 1661 in

150 1694 202 1718 ⁵68
221 1698 372 1723 summo
410 1685 520 1722 luctu
557 1685 838 1734 relinquentes,
882 1696 1037 1721 rursum
1076 1685 1274 1734 pergimus
1308 1683 1448 1732 dieque
1480 1684 1566 1720 tota

221 1746 458 1793 campestres
492 1746 638 1782 emensi
669 1743 756 1781 uias
795 1743 1000 1781 ciuitatem
1034 1744 1229 1792 quandam
1260 1743 1496 1792 populosam
1529 1744 1566 1780 et

220 1804 393 1841 nobilem
424 1805 504 1841 iam
535 1803 628 1841 fessi
660 1804 920 1852 peruenimus.
983 1802 1079 1840 inibi
1114 1803 1236 1840 larem
1268 1801 1453 1851 sedesque
1479 1814 1564 1850 per-

220 1865 359 1912 petuas
392 1865 570 1912 pastores
602 1863 664 1900 illi
696 1865 870 1900 statuere
897 1863 1121 1912 decernunt,
1154 1861 1258 1911 quod
1284 1863 1323 1899 et
1347 1863 1463 1911 longe
1482 1858 1566 1911 (a)

315 1988 343 2022 F
366 1988 461 2022 162¹).
490 2003 516 2033 φ
538 1992 600 2022 552
689 1995 705 2022 1
727 1990 860 2022 cuncta
874 1989 931 2033 (φ)
950 1991 973 1995 “
992 1989 1039 2022 al.
1055 1999 1099 2021 m.
1114 1987 1198 2022 add.
1284 1993 1303 2020 8
1322 1985 1497 2021 familitio
1512 1988 1565 2031 (φ,

220 2060 282 2095 sed
290 2060 405 2104 prior.
421 2059 433 2093 i
447 2064 531 2094 mut.
549 2061 589 2094 in
600 2061 636 2103 u)
744 2066 762 2093 4
783 2059 979 2104 coniugam
999 2060 1043 2102 cf.
1062 2062 1167 2101 131,6
1185 2060 1317 2100 213,11
1415 2064 1432 2091 5
1452 2042 1563 2102 flaga-

221 2107 288 2142 bat
307 2109 354 2142 al.
375 2119 419 2141 m.
440 2119 503 2141 em.
609 2114 626 2140 6
652 2106 831 2141 instincta
851 2107 926 2142 Alci
945 2108 989 2150 ef.
1015 2107 1102 2141 Gell.
1125 2106 1254 2141 XVII
1266 2108 1352 2148 20‚7
1448 2111 1483 2138 13
1510 2115 1566 2138 ar-

221 2180 330 2223 reptu
357 2178 404 2213 ad
430 2179 543 2223 (delet.
571 2178 632 2222 ad)
658 2180 711 2223 (φ)
742 2180 819 2222 fluit
837 2179 911 2213 scil.
933 2155 1083 2222 {ii-repta
1108 2178 1153 2221 cf.
1176 2179 1257 2220 12,4
1365 2183 1401 2210 1ss
1427 2175 1566 2210 cariosa

222 2261 321 2294 em.‹p
396 2249 626 2283 inabitantiii
640 2261 739 2294 em.‹p
827 2256 861 2283 17
883 2249 1025 2283 nidifici
1048 2232 1263 2283 aboi-libant
1277 2246 1565 2292 (ead.m.add.⁰?)

270 2312 313 2341 cp:
336 2297 501 2331 nidificia
520 2299 521 2303 ’
539 2297 738 2331 buriebant
786 2297 978 2331 borribant
992 2296 1142 2341 Seyffert
1161 2298 1206 2339 cf.
1223 2298 1303 2337 79,1
1325 2295 1511 2338 150322111.

222 2351 261 2378 20
281 2357 304 2390 p
324 2344 427 2390 longi
447 2346 618 2380 conium.
634 2345 680 2379 al.
697 2357 741 2379 m.
839 2352 874 2378 21
902 2344 1068 2378 cruciatu
1089 2346 1144 2388 (φ)
1166 2355 1228 2378 em.
1242 2355 1263 2377 v
1359 2349 1397 2376 29
1414 2342 1490 2389 (a)
1507 2342 1566 2376 He

1591 162 1618 187 E
