1657 2526
206 64 290 106 23ss
418 59 592 97 APVJAEI
617 60 1080 98 METAMORPHQSEON
1108 63 1194 99 LIB.
1216 63 1259 105 X,
1286 69 1317 100 2.
1340 69 1359 98 5}

138 135 206 158 (md.
1573 139 1595 163 Ιζ

207 178 298 214 tuae
333 176 653 213 uicissitudines'?
715 176 772 213 dii
803 176 913 225 boni,
953 190 1071 225 quam
1103 177 1231 214 facilis
1262 178 1356 215 licet
1386 191 1463 215 non
1498 192 1557 216 ar-

207 235 304 274 tifici
359 235 529 283 medico,
586 235 712 272 cuiuis
768 237 902 273 tamen
955 236 1069 274 docto
1120 235 1313 274 Veneriae
1363 237 1559 286 cupidinis

208 295 522 344 comprehensio,
567 307 656 331 cum
699 294 834 332 uideas
880 296 1053 344 aliquem
1097 295 1179 332 sine
1220 296 1393 345 corporis
1432 297 1560 334 calore

161 362 184 396 3
206 354 453 405 flagrantem.
517 366 608 403 ergo
646 353 771 404 igitur
806 354 1046 403 inpatientia
1077 355 1222 392 furoris
1256 355 1374 393 altius
1406 355 1560 406 agitata

172 423 186 449 5
208 413 405 451 diutinum
432 414 542 461 rupit
569 412 768 450 silentium
797 414 836 450 et
859 413 909 451 ad
929 426 969 451 se
990 415 1123 451 uocari
1142 414 1337 463 praecipit
1357 414 1483 452 filium
1502 436 1560 441 —

136 484 188 508 683
210 473 313 521 quod
346 485 486 510 nomen
520 473 561 509 in
594 485 656 521 eo,
695 472 727 510 si
760 468 966 523 p[s]0sset,
1003 486 1051 510 ne
1083 473 1238 510 ruboris
1273 473 1560 523 admoneretur,

207 533 378 570 libenter
410 531 599 569 eraderet.
650 544 721 569 nec
753 532 979 570 adulescens
1013 545 1152 582 aegrae
1182 534 1358 581 parentis
1384 535 1559 571 moratus

207 592 434 641 imperium,
473 592 589 629 senili
626 591 789 629 tristitie
829 591 1011 629 striatam
1050 604 1188 642 gerens
1226 592 1414 640 frontem,
1452 593 1560 630 cubi-

209 652 339 689 culum
372 651 491 700 petit,
529 646 702 701 uxori[s]
735 652 860 699 patris
892 647 1148 702 matri[s]que
1181 651 1315 689 fratris
1346 653 1561 701 utcumque

154 722 187 745 10
208 710 383 748 debitum
410 712 550 747 sistens
577 710 820 758 obsequium.
872 710 938 747 sed
964 711 1036 748 illa
1062 710 1265 748 cruciabili
1291 711 1448 749 silentio
1476 711 1556 749 diu-

208 770 358 807 tissime
386 770 558 818 fatigata
585 772 623 807 et
648 772 694 807 ut
718 770 760 806 in
788 769 958 818 quodam
985 769 1086 807 uado
1114 770 1373 808 dubitationis
1396 771 1560 809 haerens

209 842 321 866 omne
348 829 524 876 uerbum,
555 829 659 877 quod
686 830 885 878 praesenti
911 829 1079 866 sermoni
1106 829 1274 878 putabat
1300 831 1561 879 aptissimum,

208 901 360 926 rursum
400 888 629 937 improbans
668 890 833 926 nutante
867 889 987 926 etiam
1020 901 1121 925 nunc
1153 889 1321 938 pudore,
1359 889 1461 927 unde
1493 902 1561 939 po-

209 949 406 986 tissimum
439 950 598 996 caperet
630 948 843 996 exordium,
875 947 1145 986 decunctatur.
1206 949 1248 986 at
1279 948 1432 986 iuuenis
1464 949 1563 986 nihil

157 1018 188 1042 15
209 1009 329 1045 etiam
359 1010 453 1045 tunc
480 1008 639 1055 sequius
666 1007 891 1057 suspicatus
918 1009 1124 1045 summisso
1150 1008 1266 1045 uultu
1292 1010 1408 1058 rogat
1432 1003 1434 1060 l
1457 1009 1561 1046 ultro

208 1069 426 1115 praesentis
459 1079 596 1104 causas
627 1066 899 1117 aegritudinis.
950 1069 1044 1104 tunc
1070 1067 1140 1104 illa
1166 1069 1311 1105 nancta
1336 1068 1561 1105 solitudinis

209 1127 438 1164 damnosam
478 1126 722 1163 occasionem
754 1125 978 1176 prorumpit
1010 1127 1049 1163 in
1083 1126 1286 1163 audaciam
1322 1129 1360 1164 et
1391 1127 1560 1164 ubertim

137 1196 189 1220 «184
210 1186 474 1224 adlacrimans
512 1186 738 1234 laciniaque
778 1187 987 1236 contegens
1021 1185 1159 1223 faciem
1192 1199 1288 1223 uoce
1320 1186 1475 1236 trepida
1506 1188 1561 1224 sic

210 1259 296 1283 eum
330 1245 504 1283 breuiter
536 1245 712 1283 adfatur:

156 1316 188 1339 20
300 1303 444 1343 ‘Causa
494 1306 620 1342 omnis
666 1308 704 1342 et
749 1305 858 1356 origo
902 1305 1121 1354 praesentis
1167 1305 1312 1343 doloris
1358 1308 1397 1343 et
1440 1307 1560 1343 etiam

209 1364 362 1402 medela
399 1365 486 1413 ipsa
521 1366 561 1402 et
592 1364 699 1402 salus
731 1366 850 1402 unica
882 1364 979 1402 mihi
1010 1366 1095 1402 tute
1127 1365 1212 1413 ipse
1245 1378 1294 1402 es.
1357 1365 1425 1402 isti
1456 1365 1560 1402 enim

209 1424 269 1461 tui
309 1424 411 1462 oculi
449 1436 520 1473 per
557 1436 663 1461 meos
702 1425 836 1462 oculos
874 1424 924 1460 ad
961 1424 1104 1461 intima
1142 1424 1292 1472 delapsi
1331 1423 1561 1472 praecordia

210 1485 305 1522 meis
355 1483 540 1521 medullis
591 1484 824 1521 acerrimum
876 1484 1125 1521 commouent
1170 1484 1405 1521 incendium.
1468 1497 1560 1533 ergo

210 1544 393 1580 miserere
426 1545 496 1580 tua
531 1555 650 1580 causa
682 1543 883 1592 pereuntis
915 1555 985 1580 nec
1015 1545 1054 1580 te
1082 1543 1222 1593 religio
1249 1544 1374 1592 patris
1402 1543 1560 1581 omnino

157 1612 189 1638 25
211 1603 424 1651 deterreat,
457 1603 522 1640 cui
554 1603 789 1640 morituram
822 1615 980 1652 prorsus
1014 1602 1189 1640 seruabis
1221 1615 1394 1640 uxorem.
1452 1602 1560 1640 illius

211 1662 312 1699 enim
344 1674 624 1712 recognoscens
653 1662 867 1712 imaginem
898 1663 939 1698 in
971 1663 1041 1699 tua
1066 1661 1167 1699 facie
1193 1662 1333 1699 merito
1359 1664 1399 1700 te
1426 1661 1560 1712 diligo.

209 1721 328 1759 habes
361 1721 584 1759 solitudinis
617 1722 772 1770 plenam
806 1721 1011 1769 fiduciam,
1043 1721 1163 1759 habes
1197 1733 1321 1770 capax
1351 1721 1561 1759 necessarii

191 1782 395 1819 vfacinoris
434 1781 570 1818 otium.
634 1793 725 1818 nam
765 1781 870 1830 quod
907 1793 1019 1818 nemo
1052 1780 1183 1829 nouit,
1221 1793 1345 1830 paene
1378 1794 1456 1818 non
1486 1778 1559 1818 fit.’

304 1943 332 1976 F
354 1942 471 1976 17221'.
499 1956 525 1986 φ
542 1943 637 1976 6381).
736 1949 752 1975 9.
780 1942 888 1976 docto
909 1944 964 1987 (φ)
984 1953 1030 1977 se.
1050 1946 1193 1986 eaeperto
1219 1941 1369 1976 indocto
1389 1941 1514 1977 Rohde

210 1997 228 2023 6
255 1989 292 2023 in
319 1989 382 2024 eos
402 1989 502 2033 ipsos
524 1989 584 2023 sed
610 1991 664 2034 (φ)
692 2001 754 2024 em.
784 1990 908 2024 Rohde
1032 1996 1050 2023 8
1077 1989 1244 2024 seniliter
1270 1990 1467 2024 Bluemner

209 2045 227 2070 9
248 2036 372 2072 uxoris
383 2058 425 2062 —
440 2036 641 2081 matrisque
656 2048 719 2072 em.
734 2037 889 2081 Lipsius
985 2044 1021 2070 10
1042 2036 1254 2071 sustinens?
1274 2037 1333 2071 He
1345 2038 1390 2080 ef.
1405 2039 1513 2079 246,4

210 2085 346 2129 obsequ
374 2084 434 2118 sed
460 2085 508 2119 al.
534 2096 579 2119 m.
606 2096 696 2119 corr.
722 2086 764 2119 in
791 2089 860 2118 —si
887 2084 959 2119 Sed
1103 2091 1138 2118 12
1164 2085 1318 2128 putarat
1342 2085 1447 2119 vdVl

211 2140 249 2165 20
275 2133 339 2166 sed
372 2131 485 2166 etiam
520 2132 612 2166 (md.
638 2133 684 2175 cf.
710 2135 817 2175 250,1
964 2139 1001 2165 28
1027 2133 1149 2176 penit3
1185 2131 1230 2175 git
1259 2134 1389 2175 refict.;
1427 2133 1458 2174 t3
1486 2131 1558 2166 vid.

210 2181 346 2214 induet.
378 2180 508 2223 fuisse,
539 2180 616 2214 πίει·
640 2181 766 2224 potius
794 2184 1035 2214 atramentum.
1062 2180 1212 2214 litterar.
1239 2180 1471 2224 redinteyrat.
1491 2190 1560 2222 per

210 2228 455 2262 membranam
475 2227 676 2271 disperswn
696 2231 765 2269 e3t;
784 2228 889 2270 infra
909 2227 921 2260 i
941 2228 1091 2272 'restiyia
1111 2231 1320 2271 apparente
1334 2227 1464 2271 quibus
1476 2237 1556 2260 eon-

210 2275 337 2309 ‹fludas
362 2279 470 2310 metea
496 2285 515 2308 e
540 2274 716 2309 mutando
736 2286 779 2309 ea·
799 2274 810 2308 i
831 2276 940 2318 effectu
959 2276 1073 2318 fuisse
1093 2279 1158 2309 aut
1183 2275 1192 2308 i
1215 2286 1258 2308 ea:
1279 2285 1318 2317 e;
1338 2275 1463 2309 librar.
1484 2275 1559 2317 ipse

214 2323 281 2357 rid.
308 2323 527 2357 dubitavisse
552 2327 682 2357 essemc
706 2322 933 2357 scribemlvmz
953 2323 1074 2366 pcnit3
1101 2334 1149 2356 (m
1171 2323 1278 2366 pene)
1329 2336 1371 2365 cp:
1394 2332 1486 2366 pene
1513 2323 1557 2365 cf.

1623 2127 1637 2526 &4⁴:4⁶⁴
