1657 2526
182 65 268 106 220
324 63 500 97 APVLEI
524 62 989 97 METAMORPHOSEON
1010 63 1096 97 LIB.
1119 62 1230 106 VIIII,
1258 66 1313 96 22.
1341 67 1384 96 23

112 136 180 160 Oztd.

181 189 314 214 secure
348 175 523 214 redditus
561 188 640 214 non
678 177 761 212 tam
792 175 972 214 hercules
1004 175 1151 213 laboris
1184 175 1408 214 libertatem
1439 189 1526 226 gra-

181 235 340 274 tulabar
365 248 487 284 quam
513 235 617 284 quod
643 234 829 272 reuelatis
854 234 1068 273 luminibus
1087 231 1349 286 libere[t]iam
1369 237 1529 274 cunctas

181 295 424 333 facinorosae
455 294 633 332 mulieris
666 296 769 332 artes
800 296 1051 343 prospectare
1076 296 1265 344 poteram.
1317 295 1375 332 sol
1399 295 1530 344 ipsum

109 361 162 387 537
183 354 343 404 quidem
385 355 568 403 delapsus
603 352 802 392 Oceanum
847 354 1096 392 subterrenas
1141 353 1245 392 orbis
1288 354 1428 404 plagas
1471 356 1528 391 in-

146 414 423 461 5lu1ninabat,
461 416 500 451 et
529 408 541 466 Η
573 425 659 451 ecce
704 413 966 462 nequissimae
1011 426 1108 451 anus
1153 413 1368 451 adhaerens
1410 414 1529 451 lateri

181 475 416 511 temerarius
461 472 618 511 adulter
667 472 876 521 aduentat,
920 486 1019 522 puer
1063 472 1275 510 admodum
1320 474 1359 510 et
1402 472 1528 510 adhuc

182 533 331 571 lubrico
376 545 565 583 genarum
610 532 814 581 splendore
860 532 1111 581 conspicuus,
1159 531 1285 569 adhuc
1330 531 1529 571 adulteros

182 593 265 642 ipse
303 592 512 630 delectans.
575 592 678 630 hunc
721 591 857 629 multis
903 591 1114 630 admodum
1158 592 1278 629 sauiis
1324 593 1526 641 exceptum

113 651 162 687 23
182 652 325 689 mulier
358 664 493 690 cenam
526 651 636 689 iubet
667 653 849 700 paratam
881 651 1124 689 adcumbere.
1188 651 1255 688 sed
1287 652 1332 688 ut
1357 652 1530 700 primum

129 720 162 744 10
182 712 444 749 occursoriam
483 712 685 760 potionem
725 712 764 748 et
800 710 1029 748 inchoatum
1067 713 1225 760 gustum
1258 711 1442 748 extremis
1473 710 1528 748 la-

181 770 257 808 biis
298 770 554 820 contingebat
594 770 840 818 adulescens,
881 771 1008 807 multo
1050 769 1212 808 celerius
1257 769 1440 819 opinione
1471 783 1529 807 re-

183 830 292 868 diens
330 830 498 867 maritus
537 830 738 867 aduentat.
802 832 896 867 tunc
934 841 1030 867 uxor
1068 829 1228 879 egregia
1266 829 1372 867 diras
1414 829 1530 866 deuo-

182 891 307 928 tiones
327 891 368 926 in
389 903 478 927 eum
498 889 708 938 deprecata
729 891 768 927 et
788 902 945 926 crurum
966 883 1089 940 ei[us]
1104 889 1275 938 fragium
1291 888 1530 936 abominata,

109 959 162 983 638
184 948 373 999 exsangui
410 948 620 987 formidine
658 949 925 998 trepidantem
969 948 1194 986 adulterum
1239 949 1353 986 alueo
1385 949 1530 999 ligneo,

129 1018 161 1043 15
183 1021 261 1058 quo
293 1009 494 1046 frumenta
526 1009 690 1047 confusa
720 1009 884 1058 purgari
916 1009 1162 1056 consuerant,
1194 1010 1338 1046 temere
1370 1009 1532 1057 propter

181 1068 328 1107 iacenti
373 1069 627 1117 suppositum
674 1067 890 1116 abscondit,
925 1067 1185 1118 ingenitaque
1230 1068 1380 1105 astutia
1420 1067 1531 1105 dissi-

180 1129 332 1166 mulato
364 1130 477 1166 tanto
508 1127 674 1178 flagitio,
705 1127 949 1176 intrepidum
977 1128 1146 1165 mentita
1171 1127 1340 1176 uultum,
1372 1139 1531 1177 percon-

181 1189 292 1226 tatur
318 1187 363 1224 de
389 1187 546 1236 marito,
579 1199 648 1225 cur
673 1187 812 1236 utique
839 1186 1132 1225 contubernalis
1161 1187 1352 1225 artissimi
1377 1186 1533 1224 deserta

182 1247 321 1285 cenula
351 1248 628 1296 praematurus
661 1246 827 1285 adforet.
878 1248 920 1283 at
944 1246 1011 1284 ille
1038 1245 1187 1284 dolenti
1213 1258 1372 1295 prorsus
1400 1246 1530 1284 animo

128 1318 161 1343 20
182 1307 384 1357 suspirans
418 1306 598 1344 adsidue:

274 1363 524 1414 ‘Nefarium',
556 1366 707 1415 inquit,
741 1362 795 1403 ‘et
827 1367 1044 1403 extremum
1082 1365 1234 1404 facinus
1266 1365 1444 1414 perditae
1476 1365 1531 1402 fe-

181 1426 312 1464 minae
351 1426 520 1463 tolerare
559 1426 750 1475 nequiens
789 1425 885 1475 fuga
922 1437 983 1462 me
1016 1425 1208 1474 proripui.
1270 1424 1359 1462 hem
1390 1423 1532 1474 qualis,

181 1486 238 1523 dii
269 1485 379 1534 boni,
418 1487 612 1533 matrona,
650 1497 769 1534 quam
801 1485 879 1522 fida
913 1497 1109 1533 quamque
1141 1483 1273 1522 sobria
1303 1485 1531 1533 turpissimo

182 1558 222 1583 se
255 1544 442 1583 dedecore
474 1544 671 1582 foedauit!
733 1546 822 1583 iuro
853 1557 924 1594 per
954 1545 1075 1581 istam
1107 1556 1178 1594 ego
1212 1545 1389 1581 sanctam
1420 1542 1532 1582 Gere-

131 1615 162 1641 25
183 1618 267 1643 rem
307 1618 369 1642 me
410 1617 515 1642 nunc
557 1604 678 1643 etiam
718 1605 816 1642 meis
861 1603 983 1642 oeulis
1022 1603 1069 1640 de
1101 1603 1175 1640 tali
1205 1603 1371 1641 muliere
1402 1604 1531 1640 minus

181 1661 362 1703 credere.'

270 1723 343 1762 His
370 1723 560 1761 instincta
585 1723 716 1761 uerbis
742 1723 879 1761 mariti
905 1722 1167 1761 audacissima
1192 1735 1290 1760 uxor
1315 1722 1531 1760 noscendae

181 1785 240 1822 rei
278 1784 438 1833 cupiens
476 1796 554 1821 non
593 1784 720 1821 cessat
758 1781 985 1832 optundere,
1021 1783 1149 1821 totam
1179 1793 1340 1831 prorsus
1373 1794 1396 1819 a
1425 1783 1531 1831 prin-

183 1843 286 1892 cipio
318 1843 495 1881 fabulam
527 1844 735 1892 promeret.
786 1854 856 1880 nec
883 1841 1048 1891 destitit,
1076 1841 1199 1880 donec
1224 1842 1306 1880 eius
1331 1841 1532 1879 uoluntati

276 1968 304 2002 F
327 1971 421 2003 168⁸.
452 1983 478 2013 φ
500 1968 573 2003 59¹³.
697 1976 714 2002 2
746 1967 924 2002 reuelatis
952 1969 1007 2012 (φ)
1040 1967 1069 2001 ti
1101 1968 1142 2002 in
1174 1979 1245 2002 ras
1271 1967 1392 2010 forma
1422 1967 1489 2002 litt.
1516 1967 1533 2000 t

181 2027 257 2051 uon
281 2017 564 2062 lanyobardica;
594 2016 714 2059 fuitne
739 2014 933 2050 reuelans?
1029 2015 1124 2049 liber
1150 2015 1225 2049 etia
1250 2016 1305 2060 (φ)
1337 2014 1432 2048 liber
1456 2013 1532 2048 iam

183 2064 309 2100 Rohde
341 2064 457 2098 libere
483 2064 559 2098 iam
586 2064 685 2099 Fulv
716 2064 760 2107 cf.
783 2066 912 2106 59,12;
938 2066 1070 2105 110,24
1095 2065 1229 2105 202,19
1348 2068 1367 2095 3
1393 2060 1532 2096 facino·

182 2111 260 2158 rose
286 2111 318 2155 (f
339 2112 380 2146 in
406 2113 491 2156 ras.)
591 2111 690 2145 artes
711 2112 766 2155 (φ)
792 2123 810 2144 r
834 2112 876 2146 in
900 2122 972 2145 ras.
993 2112 1040 2145 al.
1062 2122 1106 2144 m.
1204 2116 1223 2144 8
1249 2108 1362 2143 fabiis
1384 2108 1420 2154 (b
1446 2120 1490 2144 eoe
1507 2121 1532 2143 u

182 2160 230 2194 al.
257 2171 301 2193 m.
328 2160 431 2203 corr.)
529 2165 566 2192 10
597 2158 854 2193 inchoatiuum
880 2158 977 2193 vdVl
1062 2165 1098 2191 12
1124 2157 1192 2191 dir.
1219 2156 1300 2191 deu.
1327 2157 1372 2199 cf.
1400 2159 1532 2199 164,1s

254 2213 290 2240 13
316 2206 357 2249 ei-
380 2208 436 2251 (φ)
464 2205 497 2240 ei
522 2217 542 2240 v
641 2205 902 2250 crurifragium
928 2206 1047 2240 Heius
1079 2216 1226 2239 crurum
1253 2203 1287 2238 ei
1312 2203 1532 2249 suffragium

183 2254 310 2289 Petsch
407 2253 624 2288 obominata
651 2254 791 2289 Wower
840 2253 995 2288 adom—
1025 2253 1117 2298 Lips
1149 2252 1336 2299 [ab]0m—
1363 2252 1438 2286 Leo

183 2333 218 2361 14
246 2325 352 2361 albeo
379 2336 442 2360 em.
471 2339 497 2369 φ
597 2333 631 2359 15
659 2326 813 2359 contusa
840 2325 964 2360 Wasse
1060 2331 1097 2360 24
1123 2309 1203 2359 Idro
1230 2335 1295 2360 em.
1322 2321 1400 2358 ead.
1427 2334 1471 2358 m.

1549 139 1574 163 Ε
1632 134 1657 158 oia

1554 1255 1603 1279 169

1631 180 1654 206 6³9

1635 1195 1657 1218 641
