1657 2526
231 80 316 121 242
429 77 604 112 APVLEI
629 76 1090 112 METAMORPHOSEON
1116 77 1202 112 LIB.
1224 77 1266 121 X,
1295 82 1325 113 7.
1353 81 1372 111 S

160 150 228 176 Oua.

228 190 423 240 principia
454 189 580 227 dicere
612 202 738 239 neque
770 188 1062 227 miserationem
1096 202 1349 228 commouere.
1399 192 1496 229 haec
1521 191 1572 229 ad

228 251 348 288 istum
387 249 545 287 modum
583 251 695 299 gesta
732 249 999 297 compluribus
1040 251 1176 288 mutuo
1221 251 1571 289 sermocinantibus

229 309 407 360 cognoui.
471 309 614 358 quibus
653 309 787 345 autem
825 308 955 346 uerbis
993 311 1196 347 accusator
1233 311 1387 358 urserit,
1429 310 1570 360 quibus

227 370 344 407 rebus
386 368 547 406 diluerit
586 380 675 405 reus
717 380 760 405 ac
798 380 957 416 prorsus
990 370 1185 406 orationes
1219 369 1571 419 altercationesque

192 437 207 463 5
228 441 355 478 neque
395 429 478 476 ipse
521 427 659 465 absens
702 427 806 476 apud
839 428 1086 476 praesepium
1119 428 1216 465 seire
1249 441 1374 477 neque
1407 429 1455 466 ad
1487 441 1571 477 UOS,

229 500 327 536 quae
358 488 552 536 ignoraui,
586 499 745 535 possum
777 488 994 535 enuntiare,
1025 487 1093 525 sed
1120 500 1220 536 quae
1246 488 1362 536 plane
1389 488 1570 537 comperi,

228 547 277 584 ad
313 548 411 584 istas
449 546 603 584 litteras
641 546 849 595 proferam.
912 546 1028 583 simul
1067 546 1169 584 enim
1208 546 1319 584 finita
1352 549 1410 585 est
1442 547 1570 585 dicen-

226 607 326 644 tium
347 606 559 654 contentio,
584 605 796 643 ueritatem
823 605 1030 642 criminum
1056 606 1248 654 fidemque
1269 607 1569 656 probationibus

155 676 208 701 693
229 665 344 703 certis
376 665 521 703 instrui
562 677 631 703 nec
673 665 962 713 suspicionibus
1000 667 1154 703 tantam
1187 667 1453 704 coniecturam
1484 679 1568 715 per-

174 735 206 760 ιο
227 725 333 763 mitti
374 725 527 774 placuit
568 727 687 774 atque
725 724 837 761 illum
876 724 1124 773 potissimum
1166 738 1332 774 seruum,
1365 726 1432 775 qui
1465 725 1569 763 solus

225 785 321 822 haec
352 786 410 822 ita
439 786 551 833 qesta
583 796 663 822 esse
696 784 794 822 scire
836 783 1049 833 diceretur,
1079 779 1082 836 Ι
1112 785 1199 822 sisti
1230 785 1356 823 modis
1388 785 1569 823 omnibus

226 847 416 893 oportere.
478 856 548 881 nec
588 844 793 881 tantillum
834 844 1046 881 cruciarius
1086 844 1153 881 ille
1192 845 1258 881 uel
1296 845 1456 882 fortuna
1487 847 1571 882 tam

224 905 360 954 magni
403 903 540 941 iudicii
582 904 648 940 uel
694 904 891 941 confertae
935 906 1146 952 conspectu
1190 905 1320 941 curiae
1362 904 1427 942 uel
1467 905 1569 942 certe

228 963 345 1000 noxia
377 963 616 1001 conscientia
648 975 718 1001 sua
744 962 967 1011 deterritus,
1000 976 1101 1012 quae
1126 964 1209 1011 ipse
1236 958 1424 1016 finerrat,
1458 965 1571 1012 quasi

173 1033 205 1058 15
226 1036 319 1060 uera
353 1023 583 1061 adseuerare
621 1024 739 1070 atque
780 1022 957 1060 adserere
989 1023 1146 1071 incipit:
1180 1023 1284 1071 quod
1316 1036 1355 1061 se
1387 1025 1569 1061 uocasset

224 1082 456 1132 indignatus
497 1081 658 1119 fastidio
699 1094 890 1119 nouercae
921 1081 1094 1129 iuuenis,
1140 1083 1256 1131 quod,
1289 1082 1478 1120 ulciscens
1510 1084 1568 1119 in-

223 1142 379 1182 iuriam,
402 1141 474 1178 filii
501 1143 582 1179 eius
602 1141 851 1179 mandauerit
870 1154 1015 1189 necem,
1037 1141 1141 1189 quod
1160 1142 1404 1190 promisisset
1422 1142 1568 1192 grande

225 1201 373 1239 silentii
403 1200 633 1250 praemium,
666 1201 771 1250 quod
801 1200 1001 1239 recusanti
1027 1203 1192 1238 mortem
1219 1201 1271 1239 sit
1298 1203 1567 1249 comminatus,

225 1261 328 1310 quod
378 1272 575 1298 uenenum
625 1272 694 1298 sua
750 1273 868 1298 manu
918 1262 1180 1308 temperatum
1231 1260 1404 1298 dandum
1453 1260 1568 1298 fratri

170 1332 204 1356 20
223 1320 449 1368 reddiderit,
475 1320 579 1368 quod
606 1320 655 1357 ad
682 1320 855 1358 criminis
880 1320 1153 1368 probationem
1180 1322 1424 1358 reseruatum
1450 1333 1566 1369 pocu-

223 1380 305 1416 lum
348 1380 560 1417 neclexisse
601 1381 825 1428 suspicatus
876 1391 947 1416 sua
990 1381 1233 1427 postremum
1275 1393 1395 1417 manu
1435 1392 1567 1429 porre-

222 1439 324 1477 xerit
361 1452 492 1488 puero.
555 1439 651 1476 haec
695 1439 832 1476 eximie
876 1450 920 1476 ac
963 1435 1135 1488 nim<is>
1177 1439 1225 1476 ad
1257 1439 1438 1476 ueritatis
1470 1439 1567 1476 ima-

151 1511 205 1534 694
227 1496 414 1549 gine<m>
469 1498 683 1536 uerberone
739 1499 808 1536 illo
871 1495 1111 1549 simula<ta>
1166 1511 1250 1536 cum
1306 1498 1568 1547 trepidatione

176 1561 198 1595 S
222 1559 443 1607 proferente
468 1558 624 1595 finitum
650 1560 709 1596 est
733 1557 933 1595 iudicium.
978 1569 1049 1595 nec
1076 1558 1285 1607 quisquam
1311 1558 1568 1596 decurionum

306 1623 343 1669 “F
368 1622 711 1680 17521*⁷‘4;'3‘6'412⁷Tw}
725 1623 860 1671 &serit
875 1623 982 1680 (50ae
1001 1622 1133 1671 {004}
1155 1623 1276 1671 ais‘v‘ez
1296 1622 1372 1671 ιῖαᾱ.
1394 1648 1459 1679 m.,·
1485 1622 1569 1672 ant}

222 1683 353 1718 urserit
384 1686 544 1728 spatium
572 1685 686 1728 paulo
714 1686 843 1727 Μαίης,
874 1685 935 1719 sed
963 1685 1054 1719 m'lzil
1078 1684 1199 1728 script.
1225 1684 1320 1727 sum
1347 1686 1387 1719 in
1412 1696 1479 1730 my.
1509 1684 1565 1718 -d-

221 1744 266 1786 cf.
282 1745 401 1788 praes.
417 1744 475 1788 34)
527 1757 570 1787 tp:
591 1743 722 1778 urserit
743 1745 838 1788 (mzte
852 1755 876 1777 u
890 1755 932 1777 m.
948 1754 1015 1778 rec.
1035 1735 1285 1787 rffllintei-1003.)
1372 1750 1389 1777 5
1406 1743 1564 1790 (potui)

216 1796 300 1835 post
325 1791 416 1825 scire
443 1791 527 1825 add.
549 1792 595 1826 vd
608 1792 654 1826 Vl
679 1803 758 1826 czcm
778 1803 822 1826 m.
843 1803 908 1826 rec.
931 1792 971 1825 m
992 1805 1030 1835 φ,
1056 1796 1140 1826 ante
1167 1791 1259 1825 scire
1281 1792 1471 1826 Brakman

434 1847 466 1864 ni
564 1863 569 1868 ,

221 1881 239 1907 9
265 1873 504 1918 suspicionib3
526 1871 571 1918 (nl
591 1876 667 1909 ead.
695 1887 738 1909 m.
767 1875 870 1916 add,
896 1874 934 1907 ni
966 1875 1006 1908 m
1033 1878 1130 1909 textu
1156 1879 1296 1910 correct.
1324 1876 1446 1918 effect.)

222 1928 258 1955 10
283 1921 493 1968 cpptiswfimii
515 1924 569 1966 (φ)
596 1923 642 1957 al.
664 1935 708 1957 m.
730 1923 891 1957 radendo
911 1923 966 1964 eff.
988 1922 1088 1966 potis
1103 1937 1113 1957 :
1133 1923 1193 1957 sed
1212 1924 1250 1956 in
1274 1934 1338 1967 my.
1350 1934 1406 1966 pr.
1422 1934 1466 1957 m.
1480 1921 1564 1956 adel.

221 1968 346 2014 potissi
443 1977 475 2002 11
504 1969 594 2014 Jesta
614 1982 675 2004 em.
699 1984 724 2014 φ
823 1977 857 2002 12
879 1971 1046 2013 oportere
1074 1970 1138 2005 del.
1161 1970 1352 2004 Bran-man
1448 1969 1566 2003 forma

221 2018 346 2051 Brant
437 2024 472 2050 13
492 2017 597 2052 uelit*
613 2017 737 2063 'oferte
757 2029 846 2052 eras.
868 2017 902 2050 le
916 2019 971 2061 (φ)
1065 2025 1099 2050 21
1120 2017 1319 2052 neclexisse
1341 2019 1399 2061 (sc.
1413 2019 1564 2061 servum)

220 2066 283 2099 vim
296 2069 448 2099 rectum:
468 2076 545 2109 poc.
563 2075 698 2099 nocens
719 2065 782 2099 ille
804 2064 923 2109 susp..9
942 2065 995 2098 He
1069 2072 1106 2098 22
1127 2065 1263 2099 eximia
1284 2067 1345 2100 eni
1363 2066 1417 2109 (φὸ
1433 2064 1563 2099 eximie

221 2113 277 2156 (ac
288 2113 358 2151 He)
378 2112 489 2146 nimis
500 2114 573 2147 Leo
588 2134 630 2138 —
647 2113 779 2147 eximie
792 2112 888 2146 enim
904 2133 945 2137 —
956 2113 1066 2155 Luctj
1086 2112 1308 2147 examussim
1318 2113 1417 2147 Koch
1433 2111 1565 2146 eximie

222 2160 351 2205 [enim]
373 2160 503 2194 Noc-silc
529 2160 662 2194 eximie
682 2160 839 2194 mentita
855 2160 1050 2194 Bluemner
1077 2160 1208 2194 eximie
1230 2172 1284 2195 en.
1307 2160 1565 2204 —imaginem

223 2207 452 2253 (simulata)
475 2208 520 2241 vd
532 2209 573 2241 Vl
604 2208 755 2241 minime
776 2207 883 2241 anxie
904 2208 1104 2242 Hasberlin
1200 2207 1363 2252 imagine
1388 2210 1443 2251 (φ)
1472 2212 1496 2213 ”
1517 2209 1564 2242 αῖ.

219 2266 264 2288 m.
292 2254 376 2289 add.
476 2262 513 2288 23
540 2255 715 2289 simulam
736 2257 790 2299 (φ)
819 2254 993 2289 simulata
1016 2267 1033 2289 υ
1065 2255 1240 2289 simulata
1267 2267 1349 2289 cum
1380 2254 1460 2289 Oztd
1487 2255 1564 2288 sine

219 2301 297 2335 ulla
322 2303 401 2336 tum
428 2302 532 2336 vdVl
564 2303 641 2336 sine
668 2302 744 2336 ulla
769 2303 895 2337 Novdlc
928 2302 1037 2336 simul
1065 2314 1146 2336 cum
1168 2304 1225 2336 Hc
1263 2303 1306 2345 cf.
1329 2305 1410 2344 45,9
1438 2305 1565 2345 133,13

220 2349 396 2385 simulata
425 2350 715 2397 <dissimulata>
745 2351 943 2385 Haeberlz'n
1050 2357 1086 2383 24
1112 2349 1279 2395 pferente
1306 2352 1361 2395 (φ)
1389 2349 1486 2394 prof-
1507 2350 1565 2384 He
