1657 2526
48 163 115 188 Oud.

41 984 94 1009 449

302 90 477 125 APVLEI
504 91 969 126 METAMORPHOSEON
998 91 1083 126 LIB.
1105 92 1182 136 VII,
1212 97 1241 127 1.
1270 97 1288 127 2
1385 94 1466 134 155

1484 168 1508 192 [ς

119 203 344 241 demoratus
377 203 488 242 falsis
528 204 725 242 amoribus
765 204 931 241 ancillae
964 205 1123 242 Milonis
1162 205 1338 242 animum
1370 207 1468 243 inre—

119 275 215 311 pens
247 264 389 300 ianuae
423 263 594 301 claustra
628 263 762 300 sedulo
791 263 1068 312 explorauerat
1100 266 1137 300 et
1170 266 1257 313 ipsa
1283 265 1468 311 membra,
1494 276 1542 300 118

117 323 155 359 in
197 323 285 371 quis
330 335 443 360 omne
487 324 768 371 patrimonium
816 322 930 361 condi
975 324 1142 370 solebat,
1189 325 1339 361 curiose
1384 338 1470 373 per-

118 383 308 430 spexerat.
373 395 442 419 neo
484 382 667 431 exiguum
712 382 894 420 scelerati
936 383 1232 421 monstrabatur
1268 384 1470 433 indicium,
1500 385 1522 419 ⁶2

117 442 263 490 quippe
296 453 382 479 eum
416 441 551 479 eadem
584 444 697 479 nocte
731 442 801 479 sub
839 443 925 490 ipso
959 442 1102 493 flagitii
1134 445 1333 480 momento
1366 443 1468 480 idem
1490 458 1504 483 5

115 501 355 550 profugisset
388 514 456 538 nee
491 502 628 539 exinde
660 514 827 550 usquam
860 504 1120 549 compareretg
1163 515 1252 540 nam
1287 505 1326 540 et
1357 516 1468 550 prae-

116 560 259 598 sidium
293 562 420 611 fugae,
462 574 538 609 quo
570 561 745 598 uelocius
778 561 978 599 frustratis
1011 561 1299 599 insecutoribus
1331 563 1467 610 procul

115 632 159 657 ae
191 620 327 669 procul
361 620 521 658 abderet
553 633 651 668 sese,
691 620 813 657 eidem
848 621 962 658 facile
996 621 1291 670 suppeditasse,
1324 635 1464 670 equum

114 692 282 728 namque
314 680 427 717 illum
466 693 577 717 suum
611 680 820 717 candidum
860 682 1056 718 uectorem
1096 682 1274 718 futurum
1313 681 1467 719 duxisse

115 751 255 777 seeum.
319 740 435 788 plane
474 752 633 777 seruum
666 741 748 777 eius
786 740 932 777 ibidem
971 741 1012 777 in
1051 741 1223 789 hospitio
1268 743 1467 789 repertum
1490 757 1522 780 10

115 799 304 836 scelerum
349 799 678 848 consiliorumque
725 799 881 837 erilium
931 800 1108 837 futurum
1158 800 1347 847 indicem,
1399 813 1469 849 per

113 859 371 908 magistratus
403 859 442 895 in
470 859 671 908 publicam
698 859 918 897 custodiam
950 861 1151 908 receptum
1184 862 1223 897 et
1253 860 1379 897 altera
1405 860 1467 897 die

112 919 320 955 tormentis
352 921 537 956 uexatum
568 918 748 967 pluribus
782 931 825 956 ao
851 932 975 967 paene
1008 919 1055 957 ad
1089 919 1273 956 ultimam
1300 922 1466 957 mortem

113 977 442 1025 excarnificatum,
476 979 532 1015 nil
559 980 770 1027 quiequam
795 992 926 1016 rerum
958 978 1098 1015 talium
1126 991 1208 1016 esse
1234 980 1466 1027 consessum,

112 1038 253 1075 missos
285 1039 416 1075 tamen
449 1038 489 1074 in
522 1039 695 1086 patriam
728 1037 824 1075 Luci
857 1039 965 1075 illius
997 1039 1143 1076 multos
1176 1051 1360 1086 numere,
1399 1040 1466 1088 qui
1488 1054 1519 1079 15

113 1110 222 1134 reum
255 1110 400 1145 poenas
434 1097 619 1135 daturum
653 1098 808 1135 sceleris
840 1095 1112 1146 inquirerent.’

201 1156 309 1194 Haec
353 1169 397 1194 eo
440 1159 666 1204 enarrante,
707 1158 853 1196 ueteris
897 1158 1080 1195 fortunae
1125 1160 1163 1195 et
1206 1158 1314 1195 illius
1359 1157 1466 1196 beati

112 1215 225 1254 Lucii
257 1218 553 1266 praesentisque
586 1229 796 1254 aerumnae
830 1219 869 1254 et
901 1217 1069 1255 infelicis
1097 1218 1199 1255 asini
1230 1218 1337 1254 faeta
1363 1230 1464 1255 eom-

110 1275 336 1324 paratione,
380 1276 609 1314 medullitus
653 1276 900 1326 ingemebam
948 1276 1146 1326 subiitque
1190 1290 1251 1314 me
1296 1290 1373 1314 non
1419 1277 1465 1314 de

110 1335 235 1372 nihilo
268 1335 412 1373 ueteris
437 1332 449 1387 Η
474 1337 704 1385 priscaeque
738 1336 939 1374 doetrinae
972 1336 1077 1375 uiros
1110 1336 1267 1374 finxisse
1300 1349 1345 1374 ae
1376 1350 1466 1386 pro·
1487 1353 1519 1378 20

109 1396 312 1434 nuntiasse
350 1408 506 1433 caecam
548 1398 587 1433 et
627 1408 787 1444 prorsus
827 1397 1072 1434 exoculatam
1113 1409 1196 1434 esse
1234 1396 1465 1444 Fortunam,

110 1467 209 1503 quae
242 1467 394 1504 semper
426 1468 516 1493 suas
549 1468 641 1504 opes
675 1456 721 1493 ad
749 1457 874 1494 malos
907 1458 945 1493 et
976 1455 1160 1506 indignos
1187 1457 1364 1494 conferat
1395 1469 1465 1494 nec

109 1527 284 1563 unquam
317 1515 464 1553 iudicio
505 1527 730 1564 quenquam
767 1516 998 1553 mortalium
1037 1516 1177 1566 eligat,
1215 1517 1337 1553 imino
1369 1529 1463 1554 uero

109 1586 196 1611 cum
240 1575 272 1611 is
316 1575 563 1623 potissimum
604 1575 848 1623 deuersetur,
894 1588 990 1624 quos
1029 1576 1183 1625 procul,
1229 1577 1262 1613 si
1300 1576 1462 1624 uideret,

108 1634 242 1683 fugere
287 1634 461 1682 deberet,
513 1634 694 1683 quodque
745 1636 895 1672 eunetis
940 1637 999 1673 est
1049 1636 1279 1682 extremius,
1330 1636 1462 1673 uarias
1483 1650 1515 1676 25

107 1694 330 1742 opiniones,
367 1694 487 1731 immo
521 1695 740 1732 contrarias
779 1694 891 1732 nobis
924 1694 1136 1743 attribuat,
1180 1697 1225 1732 ut
1263 1696 1301 1732 et
1333 1695 1462 1732 malus

106 1752 199 1790 boni
230 1754 307 1790 uiri
339 1754 445 1791 fama
483 1755 676 1804 glorietur
713 1756 752 1791 et
784 1754 1128 1793 innocentissimus
1169 1756 1307 1793 contra
1344 1757 1460 1793 noxio

202 1866 228 1900 F
252 1867 347 1901 154b.
375 1881 402 1909 φ
424 1867 499 1901 48¹³.
599 1871 618 1901 2
645 1868 690 1910 ef.
713 1870 823 1910 7222
843 1869 953 1903 Lacr.
982 1869 1123 1903 17804
1222 1872 1242 1902 6
1264 1868 1338 1902 iam
1359 1869 1398 1903 E

107 1918 126 1947 8
155 1925 196 1948 ae
222 1914 315 1961 &cul
343 1916 407 1949 del.
436 1917 482 1950 al.
510 1927 554 1949 m.
667 1915 917 1959 suppeditasse
945 1918 1000 1960 (φ)
1028 1917 1098 1951 vid.
1126 1918 1239 1959 fuisse
1265 1916 1365 1950 tass&

107 1965 126 1995 9
154 1973 271 2006 nanq3
369 1962 496 1997 futuru
523 1964 631 2006 refict.
733 1966 774 1997 13
803 1965 937 1998 necate
963 1966 1044 2007 (litt.
1066 1965 1188 2007 refict„
1213 1965 1287 2007 fuit
1312 1965 1461 2005 uexata,

104 2022 127 2042 x
153 2014 245 2044 certo
271 2012 433 2055 coquom)
485 2025 529 2055 qn:
556 2012 692 2045 uexatfi
812 2016 854 2046 15
881 2011 957 2046 luci
983 2011 1087 2046 illius
1108 2013 1163 2056 (φ)
1194 2016 1278 2046 mut.
1308 2013 1344 2045 [n
1371 2011 1461 2046 lucii

106 2065 124 2081 v

105 2092 180 2126 iros
203 2105 244 2127 m.
269 2098 412 2136 vetust.;
440 2095 477 2128 in
498 2106 565 2140 my.
587 2094 671 2129 add.
696 2106 738 2128 m.
759 2099 823 2129 ret.
846 2097 906 2138 (an
925 2094 1090 2139 prima&
1110 2095 1212 2129 uiros
1324 2099 1364 2128 17
1394 2096 1461 2141 hec

105 2146 138 2165 ‘³⁰
165 2154 386 2188 enassrrante
412 2148 459 2198 (ΘΟ
486 2154 570 2188 add.
599 2154 675 2188 ead.
703 2166 768 2196 m„
795 2165 883 2189 eras.
913 2156 946 2198 a)
1094 2158 1137 2189 19
1170 2154 1461 2199 ingemiscebam

106 2201 164 2234 He
263 2200 445 2245 subiit*q;
475 2201 514 2244 (ii
541 2202 581 2235 ‘in
606 2213 692 2244 ras„
718 2203 734 2235 t
762 2201 830 2236 eid.
858 2214 901 2236 αϊ
927 2212 948 2235 a
976 2214 1078 2245 corr„
1106 2204 1229 2237 omnia.
1257 2203 1382 2245 refinoe.
1412 2204 1458 2237 al.

104 2284 163 2327 m.)
215 2297 260 2327 ‹pz
283 2283 508 2328 subiliatque
602 2288 645 2318 23
667 2257 775 2329 eligiat
795 2285 866 2319 vid.
882 2285 960 2319 ead.
976 2297 1020 2319 m.
1037 2286 1171 2320 emend.
1272 2289 1316 2319 24
1338 2299 1382 2329 cp:
1405 2285 1464 2319 his

104 2355 290 2398 0s2234,24
365 2341 741 2391 27111n0eent1sffim5s
756 2357 832 2400 (em.
855 2357 932 2391 ead.
954 2368 998 2390 m.
1014 2356 1077 2403 [?]]›
1151 2357 1296 2405 noxiozl
1319 2367 1379 2391 ore
1402 2358 1457 2401 (cp)
