1657 2526
315 39 488 74 APVLEI
515 39 984 74 METAMORPHOSEON
1011 40 1096 74 LIB.
1120 40 1177 82 XI,
1206 44 1261 75 Ξῖ.
1282 44 1326 76 28
1411 43 1496 86 289

72 115 142 140 Oud·

67 697 120 722 813

66 1707 117 1732 814

144 151 375 190 Marcellum
422 151 590 189 uocitari
634 153 801 201 cognoui
846 154 1001 199 postea,
1051 153 1343 190 reformationis
1388 166 1497 192 meae

143 207 275 260 <non>
313 206 538 260 ali<c>num
572 222 725 247 nomen⁴
782 221 853 247 nec
884 214 1079 258 moratus,
1119 211 1283 249 conueni
1316 212 1497 260 protinus

143 282 231 307 eum
263 281 356 307 sane
388 281 459 307 nec
490 271 621 318 ipsum
653 269 778 306 futuri
806 270 998 307 sermonis
1025 270 1218 320 ignarum,
1247 270 1391 319 quippe
1419 272 1497 309 iam

143 328 292 366 dudum
324 328 520 366 consimili
552 332 762 377 praecepto
790 340 990 366 sacrorum
1017 328 1366 367 ministrandorum
1395 342 1497 368 com-

141 388 419 426 monefactum.
483 401 574 425 nam
618 387 694 425 sibi
738 387 846 425 uisus
891 391 950 426 est
995 389 1127 436 quiete
1164 388 1361 437 proxima,
1406 389 1498 427 dum

141 459 285 497 magno
324 447 396 485 deo
434 459 599 485 coronas
632 443 825 497 exathas,
859 477 1117 485 ........
1152 450 1191 485 et
1222 447 1270 485 de
1303 448 1387 486 eius
1421 462 1499 497 ore,

142 519 220 556 quo
258 506 504 557 singulorum
535 502 684 558 fa[c]ta
716 506 858 553 dictat,
900 507 1055 544 audisse
1088 507 1196 544 mitti
1228 507 1304 544 sibi
1336 507 1497 545 Madau-

141 577 312 614 rensem,
357 566 424 604 sed
469 565 680 604 admodum
725 578 955 615 pauperem,
1002 567 1063 604 cui
1104 567 1241 603 statim
1279 579 1349 604 sua
1388 579 1499 605 sacra

143 624 302 663 deberet
332 625 577 674 ministrare3
610 638 703 663 nam
736 627 775 663 et
806 625 867 662 illi
899 625 1122 663 studiorum
1154 626 1323 676 gloriam
1357 630 1396 664 et
1423 626 1498 676 ipsi

141 685 289 734 grande
322 684 597 734 compendium
629 697 700 723 sua
733 685 955 733 comparari
986 684 1249 734 prouidentia.
1301 685 1350 722 ad
1376 686 1498 723 istum

141 743 302 782 modum
330 745 544 793 desponsus
572 746 692 782 sacris
719 747 949 793 sumptuum
975 744 1171 782 tenuitate
1198 747 1335 782 contra
1362 747 1497 783 uotum

140 816 271 841 meum
311 803 555 841 retardabar.
618 816 710 841 nam
748 806 788 841 et
825 803 1016 841 uiriculas
1056 805 1290 853 patrimonii
1326 805 1499 854 peregri-

140 863 314 901 nationis
354 863 605 901 adtriuerant
641 865 841 913 impensae
879 866 918 900 et
950 863 1197 912 erogationes
1231 863 1388 901 urbicae
1420 864 1499 913 pri-

140 923 256 960 stinis
304 922 387 961 illis
436 923 747 972 prouincialibus
799 922 1046 960 antistabant
1104 922 1330 972 plurimum.
1406 936 1498 974 ergo

141 981 290 1020 duritia
330 983 581 1031 paupertatis
619 981 903 1031 intercedente,
949 981 1055 1031 quod
1094 982 1148 1019 ait
1184 984 1300 1020 uetus
1339 995 1497 1031 prouer-

138 1040 265 1089 bium,
303 1042 408 1079 inter
445 1054 602 1080 sacrum
642 1044 681 1079 et
717 1037 776 1092 [o]
812 1054 950 1078 saxum
982 1042 1133 1090 positus
1167 1041 1388 1090 cruciabar,
1428 1055 1499 1080 nec

139 1102 261 1139 setius
294 1103 429 1139 tamen
460 1101 677 1139 identidem
707 1102 881 1138 numinis
910 1100 1118 1149 premebar
1143 1101 1348 1139 instantia.
1400 1103 1498 1139 iam-

139 1172 214 1208 que
270 1161 468 1210 saepicule
519 1174 598 1199 non
649 1161 732 1199 sine
782 1173 927 1210 magna
977 1160 1206 1198 turbatione
1257 1161 1497 1208 stimulatus,

137 1222 338 1268 postremo
381 1221 530 1267 iussus,
575 1223 684 1258 ueste
729 1222 816 1269 ipsa
860 1232 949 1257 mea
993 1221 1175 1269 quamuis
1212 1220 1382 1269 paruula
1421 1220 1497 1258 dis-

139 1280 280 1328 tracta,
311 1279 572 1317 sufficientem
606 1281 760 1318 conrasi
793 1279 1043 1317 summulam.
1094 1282 1133 1317 et
1158 1279 1200 1317 id
1225 1280 1358 1329 ipsum
1385 1292 1497 1329 prae-

139 1341 297 1387 ceptum
336 1339 468 1377 fuerat
502 1340 746 1388 specialiter:
787 1336 852 1377 ‘an
884 1336 957 1386 tu',
995 1340 1144 1387 inquit,
1184 1336 1232 1377 ‘si
1265 1352 1382 1389 quam
1415 1353 1498 1377 rem

138 1397 343 1447 uoluptati
375 1399 585 1437 struendae
618 1399 787 1445 moliris,
825 1398 980 1437 laciniis
1014 1399 1093 1437 tuis
1125 1411 1377 1448 nequaquam
1409 1391 1498 1448 par—

139 1469 262 1495 ceres:
301 1471 405 1496 nunc
436 1460 570 1496 tantas
604 1458 863 1497 caerimonias
896 1457 1076 1496 aditurus
1109 1458 1426 1508 impaenitendae
1458 1460 1498 1496 te

137 1518 344 1566 pauperiei
377 1520 575 1556 cunctaris
609 1515 899 1556 committere‘?'

226 1577 333 1628 Ergo
364 1578 492 1628 igitur
522 1578 671 1616 cunctis
704 1578 873 1615 adfatim
905 1578 1167 1626 praeparatis,
1200 1577 1332 1616 decem
1359 1590 1494 1615 rursus

138 1635 276 1674 diebus
313 1638 502 1675 inanimis
542 1639 750 1675 contentus
790 1637 904 1684 cibis,
943 1637 1107 1686 insuper
1144 1638 1266 1674 etiam
1305 1634 1498 1687 deras<o>

138 1693 329 1746 eapi<te>,
360 1697 593 1746 principalis
626 1697 689 1734 dei
721 1698 925 1735 nocturnis
952 1696 1074 1746 orgiis
1099 1696 1348 1744 inlustratus,
1379 1697 1498 1745 plena

137 1754 218 1792 iam
254 1755 401 1794 fiducia
438 1769 649 1807 germanae
688 1756 892 1806 religionis
933 1755 1166 1804 obsequium
1205 1756 1385 1794 diuinum
1422 1756 1496 1794 fre-

232 1857 260 1890 F
281 1856 378 1891 183b.
407 1872 433 1902 φ
456 1861 527 1892 73².
625 1866 643 1892 2
671 1858 799 1903 anon>
829 1858 912 1892 add.
940 1857 1016 1892 Azd
1090 1841 1193 1907 aljmi
1219 1854 1249 1900 (θ
1278 1858 1348 1892 nd
1376 1859 1424 1893 az.
1450 1869 1495 1892 m.

137 1904 237 1949 add.)
289 1919 333 1949 cp:
355 1904 458 1938 alini-1
556 1911 641 1940 nosn
662 1908 718 1950 (φ)
734 1910 817 1950 post
837 1917 875 1939 m
895 1917 985 1940 eras.
1000 1906 1073 1940 vid.
1088 1908 1117 1939 ἄ
1215 1912 1234 1938 6
1254 1907 1409 1950 exaptat
1430 1906 1494 1951 [et]

137 1953 190 1986 vel
221 1955 416 1997 exaptaret
442 1953 553 1997 Luetj
601 1954 866 1988 interciderunt
898 1954 1079 1988 nonnulla
1104 1954 1232 1998 qualia
1259 1953 1495 1997 conspexisse

138 2010 276 2034 numen
296 1999 466 2034 diuinum
565 2008 580 2034 7
605 2002 707 2036 facta
728 2004 782 2045 (φ)
803 2013 866 2036 em.
888 2001 1051 2036 Beroald
1148 2012 1256 2035 mane
1277 2000 1495 2035 Doriensem

138 2046 363 2083 Goldbaeher
382 2049 560 2083 mandare
582 2060 620 2083 se
643 2049 914 2095 (religiosum)
932 2049 1132 2084 Roberz‘son
1231 2056 1265 2082 1⁸2
1277 2048 1495 2093 peregrina-

136 2094 251 2128 tionis
261 2096 317 2140 (φ)
329 2097 446 2131 ultim.
462 2096 474 2130 i
489 2098 527 2130 in
543 2107 563 2131 e
578 2101 664 2132 mut.
678 2098 726 2131 al.
739 2109 784 2131 m.
859 2104 894 2130 14
906 2101 988 2140 post
1000 2096 1202 2141 plurimum
1218 2097 1369 2132 dissime.
1382 2097 1424 2131 vd
1435 2097 1495 2139 Vl,

131 2159 215 2198 post
229 2154 463 2189 antistabant
481 2167 497 2189 υ
595 2163 631 2190 15
652 2156 705 2191 ait
755 2170 799 2200 φ;
821 2155 876 2190 ait
973 2163 1009 2190 16
1029 2161 1112 2190 ante
1133 2156 1219 2190 saxfi
1233 2156 1305 2190 vicl.
1320 2166 1410 2190 eras.
1426 2166 1446 2189 o

137 2215 182 2246 φ;
210 2203 322 2236 ol'axsi
347 2203 393 2245 cf.
415 2204 540 2238 Plaut.
564 2204 667 2248 Cape.
689 2207 760 2238 617
784 2204 865 2239 Octo
885 2203 1058 2248 Spriclzw.
1080 2203 1114 2238 d.
1136 2205 1270 2238 Ramer
1286 2215 1321 2247 p.
1345 2206 1415 2238 305

137 2256 175 2283 25
201 2250 370 2294 pparatil'
392 2250 422 2284 ti
448 2262 537 2286 corr.
565 2263 609 2286 eae
634 2264 658 2285 n
685 2254 739 2296 (φί
869 2258 907 2285 26
933 2252 1069 2285 inaffiis
1089 2253 1145 2295 (φ)
1271 2258 1309 2284 26
1324 2257 1360 2283 Ξῖ
1389 2249 1499 2284 deraf

138 2297 223 2341 capi
250 2299 306 2342 (φ)
333 2298 378 2332 de
406 2297 554 2343 Serapis
580 2311 601 2334 υ
627 2311 689 2333 cm.
718 2300 829 2341 Luetj
854 2300 930 2334 coll.
959 2302 1044 2340 459
1071 2301 1201 2340 273,.·21
1229 2301 1363 2340 :291217

208 2363 320 2394 Apulei
340 2367 407 2390 met.
428 2364 473 2389 ed.
494 2364 610 2389 Helm
1236 2360 1277 2391 19

1511 116 1535 140 Ε

1520 992 1551 1017 15

1518 1290 1551 1314 :20

1515 1587 1548 1611 25
