<?xml version="1.0" encoding="UTF-8"?>
<!DOCTYPE html PUBLIC "-//W3C//DTD XHTML 1.0 Transitional//EN"
    "http://www.w3.org/TR/xhtml1/DTD/xhtml1-transitional.dtd">
<html xmlns="http://www.w3.org/1999/xhtml" xml:lang="en" lang="en">
 <head>
  <title>
</title>
<meta http-equiv="Content-Type" content="text/html;charset=utf-8" />
  <meta name='ocr-system' content='tesseract 3.04.00' />
  <meta name='ocr-capabilities' content='ocr_page ocr_carea ocr_par ocr_line ocrx_word'/>
</head>
<body>
  <div class='ocr_page' id='page_1' title='image "./operaquaesupersu01apuluoft/operaquaesupersu01apuluoft_0137.png"; bbox 0 0 1657 2526; ppageno 0'>
   <div class='ocr_carea' id='block_1_1' title="bbox 47 161 116 186">
    <p class='ocr_par' dir='ltr' id='par_1_1' title="bbox 47 161 116 186">
     <span class='ocr_line' id='line_1_1' title="bbox 47 161 116 186; baseline -0.029 0"><span class='ocrx_word' id='word_1_1' title='bbox 47 161 116 186; x_wconf 83' lang='lat' dir='ltr'>Oud.</span> 
     </span>
    </p>
   </div>
   <div class='ocr_carea' id='block_1_2' title="bbox 42 562 95 588">
    <p class='ocr_par' dir='ltr' id='par_1_2' title="bbox 42 562 95 588">
     <span class='ocr_line' id='line_1_2' title="bbox 42 562 95 588; baseline 0 0"><span class='ocrx_word' id='word_1_2' title='bbox 42 562 95 588; x_wconf 78' lang='lat'>376</span> 
     </span>
    </p>
   </div>
   <div class='ocr_carea' id='block_1_3' title="bbox 41 1156 93 1182">
    <p class='ocr_par' dir='ltr' id='par_1_3' title="bbox 41 1156 93 1182">
     <span class='ocr_line' id='line_1_3' title="bbox 41 1156 93 1182; baseline 0 0"><span class='ocrx_word' id='word_1_3' title='bbox 41 1156 93 1182; x_wconf 79' lang='lat'>377</span> 
     </span>
    </p>
   </div>
   <div class='ocr_carea' id='block_1_4' title="bbox 41 1632 94 1657">
    <p class='ocr_par' dir='ltr' id='par_1_4' title="bbox 41 1632 94 1657">
     <span class='ocr_line' id='line_1_4' title="bbox 41 1632 94 1657; baseline 0 0"><span class='ocrx_word' id='word_1_4' title='bbox 41 1632 94 1657; x_wconf 82' lang='lat'>378</span> 
     </span>
    </p>
   </div>
   <div class='ocr_carea' id='block_1_5' title="bbox 110 84 1542 1913">
    <p class='ocr_par' dir='ltr' id='par_1_5' title="bbox 110 84 1542 1913">
     <span class='ocr_line' id='line_1_5' title="bbox 285 84 1466 126; baseline 0 -7"><span class='ocrx_word' id='word_1_5' title='bbox 285 85 461 119; x_wconf 72' lang='lat' dir='ltr'>APVLEI</span> <span class='ocrx_word' id='word_1_6' title='bbox 486 84 956 119; x_wconf 75' lang='lat' dir='ltr'>METAMORPHOSEON</span> <span class='ocrx_word' id='word_1_7' title='bbox 982 85 1071 120; x_wconf 86' lang='lat' dir='ltr'><strong>LIB.</strong></span> <span class='ocrx_word' id='word_1_8' title='bbox 1091 85 1135 126; x_wconf 73' lang='lat' dir='ltr'>V„</span> <span class='ocrx_word' id='word_1_9' title='bbox 1163 88 1300 119; x_wconf 78' lang='lat'>29—31</span> <span class='ocrx_word' id='word_1_10' title='bbox 1386 86 1466 126; x_wconf 76' lang='grc'>127</span> 
     </span>
     <span class='ocr_line' id='line_1_6' title="bbox 1494 158 1516 181; baseline 0 0"><span class='ocrx_word' id='word_1_11' title='bbox 1494 158 1516 181; x_wconf 63' lang='lat' dir='ltr'>t:</span> 
     </span>
     <span class='ocr_line' id='line_1_7' title="bbox 115 197 1469 248; baseline -0.001 -13"><span class='ocrx_word' id='word_1_12' title='bbox 115 211 233 248; x_wconf 88' lang='lat' dir='ltr'>quam</span> <span class='ocrx_word' id='word_1_13' title='bbox 265 197 339 235; x_wconf 88' lang='lat' dir='ltr'>tibi</span> <span class='ocrx_word' id='word_1_14' title='bbox 372 210 450 235; x_wconf 89' lang='lat' dir='ltr'>non</span> <span class='ocrx_word' id='word_1_15' title='bbox 482 197 532 234; x_wconf 87' lang='lat' dir='ltr'>ad</span> <span class='ocrx_word' id='word_1_16' title='bbox 565 198 635 235; x_wconf 88' lang='lat' dir='ltr'>hos</span> <span class='ocrx_word' id='word_1_17' title='bbox 668 209 760 235; x_wconf 87' lang='lat' dir='ltr'>usus</span> <span class='ocrx_word' id='word_1_18' title='bbox 792 197 993 245; x_wconf 77' lang='lat' dir='ltr'>dederam3</span> <span class='ocrx_word' id='word_1_19' title='bbox 1026 210 1095 235; x_wconf 88' lang='lat' dir='ltr'>nec</span> <span class='ocrx_word' id='word_1_20' title='bbox 1128 199 1232 235; x_wconf 79' lang='lat' dir='ltr'>enim</span> <span class='ocrx_word' id='word_1_21' title='bbox 1265 197 1311 234; x_wconf 86' lang='lat' dir='ltr'>de</span> <span class='ocrx_word' id='word_1_22' title='bbox 1344 197 1469 246; x_wconf 84' lang='lat' dir='ltr'>patris</span> 
     </span>
     <span class='ocr_line' id='line_1_8' title="bbox 113 256 1468 306; baseline -0.001 -11"><span class='ocrx_word' id='word_1_23' title='bbox 113 258 174 296; x_wconf 80' lang='lat' dir='ltr'>tui</span> <span class='ocrx_word' id='word_1_24' title='bbox 204 257 316 294; x_wconf 91' lang='lat' dir='ltr'>bonis</span> <span class='ocrx_word' id='word_1_25' title='bbox 350 256 400 294; x_wconf 87' lang='lat' dir='ltr'>ad</span> <span class='ocrx_word' id='word_1_26' title='bbox 431 257 730 294; x_wconf 73' lang='lat' dir='ltr'><strong>instructionem</strong></span> <span class='ocrx_word' id='word_1_27' title='bbox 757 256 875 294; x_wconf 87' lang='lat' dir='ltr'>istam</span> <span class='ocrx_word' id='word_1_28' title='bbox 902 256 1113 306; x_wconf 88' lang='lat' dir='ltr'>quicquam</span> <span class='ocrx_word' id='word_1_29' title='bbox 1147 269 1372 294; x_wconf 85' lang='lat' dir='ltr'>concessum</span> <span class='ocrx_word' id='word_1_30' title='bbox 1400 260 1468 295; x_wconf 87' lang='lat' dir='ltr'>est.</span> 
     </span>
     <span class='ocr_line' id='line_1_9' title="bbox 114 311 1542 368; baseline -0.003 -13"><span class='ocrx_word' id='word_1_31' title='bbox 114 317 180 355; x_wconf 88' lang='lat' dir='ltr'>sed</span> <span class='ocrx_word' id='word_1_32' title='bbox 224 316 327 354; x_wconf 86' lang='lat' dir='ltr'>male</span> <span class='ocrx_word' id='word_1_33' title='bbox 365 311 505 368; x_wconf 56' lang='lat' dir='ltr'>prilma</span> <span class='ocrx_word' id='word_1_34' title='bbox 549 317 722 365; x_wconf 88' lang='lat' dir='ltr'>pueritia</span> <span class='ocrx_word' id='word_1_35' title='bbox 765 315 949 353; x_wconf 88' lang='lat' dir='ltr'>inductus</span> <span class='ocrx_word' id='word_1_36' title='bbox 994 328 1033 353; x_wconf 86' lang='lat' dir='ltr'>es</span> <span class='ocrx_word' id='word_1_37' title='bbox 1072 319 1110 353; x_wconf 87' lang='lat' dir='ltr'>et</span> <span class='ocrx_word' id='word_1_38' title='bbox 1152 318 1287 353; x_wconf 84' lang='lat' dir='ltr'>acutas</span> <span class='ocrx_word' id='word_1_39' title='bbox 1330 328 1468 354; x_wconf 84' lang='lat' dir='ltr'>manus</span> <span class='ocrx_word' id='word_1_40' title='bbox 1490 316 1542 351; x_wconf 79' lang='lat'>30</span> 
     </span>
     <span class='ocr_line' id='line_1_10' title="bbox 113 375 1470 424; baseline -0.001 -11"><span class='ocrx_word' id='word_1_41' title='bbox 113 375 232 413; x_wconf 90' lang='lat' dir='ltr'>habes</span> <span class='ocrx_word' id='word_1_42' title='bbox 261 378 298 413; x_wconf 87' lang='lat' dir='ltr'>et</span> <span class='ocrx_word' id='word_1_43' title='bbox 324 376 493 414; x_wconf 87' lang='lat' dir='ltr'>maiores</span> <span class='ocrx_word' id='word_1_44' title='bbox 519 377 608 413; x_wconf 89' lang='lat' dir='ltr'>tuos</span> <span class='ocrx_word' id='word_1_45' title='bbox 629 376 890 413; x_wconf 77' lang='lat' dir='ltr'>irreuerenter</span> <span class='ocrx_word' id='word_1_46' title='bbox 908 376 1078 424; x_wconf 86' lang='lat' dir='ltr'>pulsasti</span> <span class='ocrx_word' id='word_1_47' title='bbox 1098 377 1245 413; x_wconf 88' lang='lat' dir='ltr'>totiens</span> <span class='ocrx_word' id='word_1_48' title='bbox 1278 378 1316 412; x_wconf 90' lang='lat' dir='ltr'>et</span> <span class='ocrx_word' id='word_1_49' title='bbox 1342 377 1470 424; x_wconf 97' lang='lat' dir='ltr'>ipsam</span> 
     </span>
     <span class='ocr_line' id='line_1_11' title="bbox 112 435 1523 483; baseline 0 -10"><span class='ocrx_word' id='word_1_50' title='bbox 112 438 276 473; x_wconf 85' lang='lat' dir='ltr'>matrem</span> <span class='ocrx_word' id='word_1_51' title='bbox 305 438 428 481; x_wconf 82' lang='lat' dir='ltr'>tuam,</span> <span class='ocrx_word' id='word_1_52' title='bbox 454 447 515 472; x_wconf 92' lang='lat' dir='ltr'>me</span> <span class='ocrx_word' id='word_1_53' title='bbox 541 436 703 483; x_wconf 86' lang='lat' dir='ltr'>inquam</span> <span class='ocrx_word' id='word_1_54' title='bbox 731 435 871 483; x_wconf 82' lang='lat' dir='ltr'>ipsam,</span> <span class='ocrx_word' id='word_1_55' title='bbox 899 435 1099 483; x_wconf 85' lang='lat' dir='ltr'>parricida</span> <span class='ocrx_word' id='word_1_56' title='bbox 1126 435 1300 473; x_wconf 82' lang='lat' dir='ltr'>denudas</span> <span class='ocrx_word' id='word_1_57' title='bbox 1327 435 1469 472; x_wconf 77' lang='lat' dir='ltr'>cotidie</span> <span class='ocrx_word' id='word_1_58' title='bbox 1509 448 1523 473; x_wconf 82' lang='lat'>5</span> 
     </span>
     <span class='ocr_line' id='line_1_12' title="bbox 113 494 1468 543; baseline 0 -11"><span class='ocrx_word' id='word_1_59' title='bbox 113 498 153 532; x_wconf 88' lang='lat' dir='ltr'>et</span> <span class='ocrx_word' id='word_1_60' title='bbox 194 495 423 543; x_wconf 76' lang='lat' dir='ltr'>percussisti</span> <span class='ocrx_word' id='word_1_61' title='bbox 460 494 617 543; x_wconf 83' lang='lat' dir='ltr'>saepius</span> <span class='ocrx_word' id='word_1_62' title='bbox 657 496 695 532; x_wconf 85' lang='lat' dir='ltr'>et</span> <span class='ocrx_word' id='word_1_63' title='bbox 734 495 849 543; x_wconf 82' lang='lat' dir='ltr'>quasi</span> <span class='ocrx_word' id='word_1_64' title='bbox 880 494 1041 532; x_wconf 89' lang='lat' dir='ltr'>uiduam</span> <span class='ocrx_word' id='word_1_65' title='bbox 1081 495 1218 543; x_wconf 87' lang='lat' dir='ltr'>utique</span> <span class='ocrx_word' id='word_1_66' title='bbox 1252 496 1468 532; x_wconf 77' lang='lat' dir='ltr'>contemnis</span> 
     </span>
     <span class='ocr_line' id='line_1_13' title="bbox 113 553 1469 602; baseline -0.001 -10"><span class='ocrx_word' id='word_1_67' title='bbox 113 567 183 592; x_wconf 91' lang='lat' dir='ltr'>nec</span> <span class='ocrx_word' id='word_1_68' title='bbox 214 553 403 591; x_wconf 88' lang='lat' dir='ltr'>uitricum</span> <span class='ocrx_word' id='word_1_69' title='bbox 434 556 548 590; x_wconf 90' lang='lat' dir='ltr'>tuum</span> <span class='ocrx_word' id='word_1_70' title='bbox 580 553 840 592; x_wconf 87' lang='lat' dir='ltr'>fortissimum</span> <span class='ocrx_word' id='word_1_71' title='bbox 875 554 990 590; x_wconf 90' lang='lat' dir='ltr'>illum</span> <span class='ocrx_word' id='word_1_72' title='bbox 1022 554 1316 602; x_wconf 83' lang='lat' dir='ltr'>maximumque</span> <span class='ocrx_word' id='word_1_73' title='bbox 1347 553 1469 591; x_wconf 85' lang='lat' dir='ltr'>bella-</span> 
     </span>
     <span class='ocr_line' id='line_1_14' title="bbox 111 609 1468 664; baseline -0.001 -13"><span class='ocrx_word' id='word_1_74' title='bbox 111 615 239 651; x_wconf 84' lang='lat' dir='ltr'>torem</span> <span class='ocrx_word' id='word_1_75' title='bbox 269 614 422 651; x_wconf 86' lang='lat' dir='ltr'>metuis.</span> <span class='ocrx_word' id='word_1_76' title='bbox 473 611 640 662; x_wconf 79' lang='lat' dir='ltr'>quidni?</span> <span class='ocrx_word' id='word_1_77' title='bbox 685 614 748 650; x_wconf 90' lang='lat' dir='ltr'>cui</span> <span class='ocrx_word' id='word_1_78' title='bbox 772 609 784 664; x_wconf 78' lang='grc' dir='ltr'>ΙΙ</span> <span class='ocrx_word' id='word_1_79' title='bbox 810 614 966 662; x_wconf 87' lang='lat' dir='ltr'>saepius</span> <span class='ocrx_word' id='word_1_80' title='bbox 991 615 1034 651; x_wconf 91' lang='lat' dir='ltr'>in</span> <span class='ocrx_word' id='word_1_81' title='bbox 1061 626 1248 664; x_wconf 83' lang='lat' dir='ltr'>angorem</span> <span class='ocrx_word' id='word_1_82' title='bbox 1275 615 1353 650; x_wconf 89' lang='lat' dir='ltr'>mei</span> <span class='ocrx_word' id='word_1_83' title='bbox 1378 627 1468 662; x_wconf 86' lang='lat' dir='ltr'>pae-</span> 
     </span>
     <span class='ocr_line' id='line_1_15' title="bbox 113 672 1468 721; baseline 0 -11"><span class='ocrx_word' id='word_1_84' title='bbox 113 673 255 710; x_wconf 88' lang='lat' dir='ltr'>licatus</span> <span class='ocrx_word' id='word_1_85' title='bbox 288 673 441 721; x_wconf 87' lang='lat' dir='ltr'>puellas</span> <span class='ocrx_word' id='word_1_86' title='bbox 468 673 679 721; x_wconf 86' lang='lat' dir='ltr'>propinare</span> <span class='ocrx_word' id='word_1_87' title='bbox 707 674 914 711; x_wconf 86' lang='lat' dir='ltr'>consuesti.</span> <span class='ocrx_word' id='word_1_88' title='bbox 966 673 1031 710; x_wconf 89' lang='lat' dir='ltr'>sed</span> <span class='ocrx_word' id='word_1_89' title='bbox 1064 674 1144 710; x_wconf 84' lang='lat' dir='ltr'>iam</span> <span class='ocrx_word' id='word_1_90' title='bbox 1177 672 1268 710; x_wconf 86' lang='lat' dir='ltr'>faxo</span> <span class='ocrx_word' id='word_1_91' title='bbox 1300 675 1339 710; x_wconf 88' lang='lat' dir='ltr'>te</span> <span class='ocrx_word' id='word_1_92' title='bbox 1358 673 1468 711; x_wconf 88' lang='lat' dir='ltr'>lusus</span> 
     </span>
     <span class='ocr_line' id='line_1_16' title="bbox 111 732 1523 781; baseline 0.001 -12"><span class='ocrx_word' id='word_1_93' title='bbox 111 732 230 769; x_wconf 89' lang='lat' dir='ltr'>huius</span> <span class='ocrx_word' id='word_1_94' title='bbox 250 733 453 781; x_wconf 85' lang='lat' dir='ltr'>paeniteat</span> <span class='ocrx_word' id='word_1_95' title='bbox 473 734 512 769; x_wconf 88' lang='lat' dir='ltr'>et</span> <span class='ocrx_word' id='word_1_96' title='bbox 531 733 678 769; x_wconf 88' lang='lat' dir='ltr'>sentias</span> <span class='ocrx_word' id='word_1_97' title='bbox 700 732 833 770; x_wconf 90' lang='lat' dir='ltr'>acidas</span> <span class='ocrx_word' id='word_1_98' title='bbox 860 735 898 770; x_wconf 87' lang='lat' dir='ltr'>et</span> <span class='ocrx_word' id='word_1_99' title='bbox 919 745 1074 770; x_wconf 84' lang='lat' dir='ltr'>amaras</span> <span class='ocrx_word' id='word_1_100' title='bbox 1101 733 1197 771; x_wconf 85' lang='lat' dir='ltr'>istas</span> <span class='ocrx_word' id='word_1_101' title='bbox 1218 733 1389 781; x_wconf 86' lang='lat' dir='ltr'>nuptias.</span> <span class='ocrx_word' id='word_1_102' title='bbox 1411 754 1467 758; x_wconf 75' lang='lat'>-—</span> <span class='ocrx_word' id='word_1_103' title='bbox 1490 746 1523 770; x_wconf 65' lang='grc' dir='ltr'>ιο</span> 
     </span>
     <span class='ocr_line' id='line_1_17' title="bbox 112 791 1467 843; baseline 0 -15"><span class='ocrx_word' id='word_1_104' title='bbox 112 791 179 829; x_wconf 91' lang='lat' dir='ltr'>sed</span> <span class='ocrx_word' id='word_1_105' title='bbox 211 804 314 829; x_wconf 88' lang='lat' dir='ltr'>nunc</span> <span class='ocrx_word' id='word_1_106' title='bbox 345 791 488 829; x_wconf 87' lang='lat' dir='ltr'>inrisui</span> <span class='ocrx_word' id='word_1_107' title='bbox 524 791 661 829; x_wconf 87' lang='lat' dir='ltr'>habita</span> <span class='ocrx_word' id='word_1_108' title='bbox 704 792 797 840; x_wconf 91' lang='lat' dir='ltr'>quid</span> <span class='ocrx_word' id='word_1_109' title='bbox 830 791 974 843; x_wconf 76' lang='lat' dir='ltr'>agam?</span> <span class='ocrx_word' id='word_1_110' title='bbox 1037 805 1114 841; x_wconf 91' lang='lat' dir='ltr'>quo</span> <span class='ocrx_word' id='word_1_111' title='bbox 1148 804 1209 829; x_wconf 89' lang='lat' dir='ltr'>me</span> <span class='ocrx_word' id='word_1_112' title='bbox 1241 792 1467 830; x_wconf 69' lang='lat' dir='ltr'>conferam?</span> 
     </span>
     <span class='ocr_line' id='line_1_18' title="bbox 112 850 1467 900; baseline 0.001 -12"><span class='ocrx_word' id='word_1_113' title='bbox 112 850 254 900; x_wconf 90' lang='lat' dir='ltr'>quibus</span> <span class='ocrx_word' id='word_1_114' title='bbox 293 850 420 889; x_wconf 89' lang='lat' dir='ltr'>modis</span> <span class='ocrx_word' id='word_1_115' title='bbox 458 851 662 889; x_wconf 83' lang='lat' dir='ltr'>stelionem</span> <span class='ocrx_word' id='word_1_116' title='bbox 697 851 818 889; x_wconf 91' lang='lat' dir='ltr'>istum</span> <span class='ocrx_word' id='word_1_117' title='bbox 847 850 1080 889; x_wconf 77' lang='lat' dir='ltr'>cohibeam?</span> <span class='ocrx_word' id='word_1_118' title='bbox 1139 854 1325 900; x_wconf 88' lang='lat' dir='ltr'>petamne</span> <span class='ocrx_word' id='word_1_119' title='bbox 1358 852 1467 889; x_wconf 81' lang='lat' dir='ltr'>auxi-</span> 
     </span>
     <span class='ocr_line' id='line_1_19' title="bbox 111 910 1467 960; baseline 0.001 -13"><span class='ocrx_word' id='word_1_120' title='bbox 111 910 210 948; x_wconf 81' lang='lat' dir='ltr'>lium</span> <span class='ocrx_word' id='word_1_121' title='bbox 243 910 291 948; x_wconf 90' lang='lat' dir='ltr'>ab</span> <span class='ocrx_word' id='word_1_122' title='bbox 323 912 485 948; x_wconf 83' lang='lat' dir='ltr'>inimica</span> <span class='ocrx_word' id='word_1_123' title='bbox 517 923 604 948; x_wconf 88' lang='lat' dir='ltr'>mea</span> <span class='ocrx_word' id='word_1_124' title='bbox 637 910 870 958; x_wconf 81' lang='lat' dir='ltr'>Sobrietate,</span> <span class='ocrx_word' id='word_1_125' title='bbox 909 923 1027 960; x_wconf 86' lang='lat' dir='ltr'>quam</span> <span class='ocrx_word' id='word_1_126' title='bbox 1067 913 1229 960; x_wconf 86' lang='lat' dir='ltr'>propter</span> <span class='ocrx_word' id='word_1_127' title='bbox 1260 911 1378 949; x_wconf 89' lang='lat' dir='ltr'>huius</span> <span class='ocrx_word' id='word_1_128' title='bbox 1410 911 1467 960; x_wconf 90' lang='lat' dir='ltr'>ip-</span> 
     </span>
     <span class='ocr_line' id='line_1_20' title="bbox 112 966 1467 1021; baseline 0 -13"><span class='ocrx_word' id='word_1_129' title='bbox 112 971 192 1008; x_wconf 92' lang='lat' dir='ltr'>sius</span> <span class='ocrx_word' id='word_1_130' title='bbox 224 970 421 1007; x_wconf 84' lang='lat' dir='ltr'>luxuriam</span> <span class='ocrx_word' id='word_1_131' title='bbox 454 970 598 1008; x_wconf 84' lang='lat' dir='ltr'>offendi</span> <span class='ocrx_word' id='word_1_132' title='bbox 631 969 818 1019; x_wconf 74' lang='lat' dir='ltr'>saepius?</span> <span class='ocrx_word' id='word_1_133' title='bbox 880 966 989 1021; x_wconf 87' lang='lat' dir='ltr'>a[u]t</span> <span class='ocrx_word' id='word_1_134' title='bbox 1028 971 1199 1008; x_wconf 78' lang='lat' dir='ltr'>rusticae</span> <span class='ocrx_word' id='word_1_135' title='bbox 1232 971 1467 1019; x_wconf 85' lang='lat' dir='ltr'>squalentis-</span> 
     </span>
     <span class='ocr_line' id='line_1_21' title="bbox 113 1025 1522 1081; baseline 0.001 -15"><span class='ocrx_word' id='word_1_136' title='bbox 113 1042 187 1078; x_wconf 89' lang='lat' dir='ltr'>que</span> <span class='ocrx_word' id='word_1_137' title='bbox 232 1029 401 1067; x_wconf 89' lang='lat' dir='ltr'>feminae</span> <span class='ocrx_word' id='word_1_138' title='bbox 446 1030 699 1078; x_wconf 84' lang='lat' dir='ltr'>conloquium</span> <span class='ocrx_word' id='word_1_139' title='bbox 737 1042 897 1079; x_wconf 87' lang='lat' dir='ltr'>prorsus</span> <span class='ocrx_word' id='word_1_140' title='bbox 931 1026 1221 1081; x_wconf 83' lang='lat' dir='ltr'>[adhibendum</span> <span class='ocrx_word' id='word_1_141' title='bbox 1261 1025 1337 1081; x_wconf 90' lang='lat' dir='ltr'>est]</span> <span class='ocrx_word' id='word_1_142' title='bbox 1380 1030 1467 1067; x_wconf 90' lang='lat' dir='ltr'>hor·</span> <span class='ocrx_word' id='word_1_143' title='bbox 1490 1043 1522 1068; x_wconf 83' lang='lat'>15</span> 
     </span>
     <span class='ocr_line' id='line_1_22' title="bbox 111 1089 1523 1138; baseline 0.001 -12"><span class='ocrx_word' id='word_1_144' title='bbox 111 1101 230 1126; x_wconf 86' lang='lat' dir='ltr'>resco.</span> <span class='ocrx_word' id='word_1_145' title='bbox 281 1102 350 1126; x_wconf 88' lang='lat' dir='ltr'>nec</span> <span class='ocrx_word' id='word_1_146' title='bbox 376 1092 509 1126; x_wconf 84' lang='lat' dir='ltr'>tamen</span> <span class='ocrx_word' id='word_1_147' title='bbox 530 1089 729 1127; x_wconf 87' lang='lat' dir='ltr'>uindictae</span> <span class='ocrx_word' id='word_1_148' title='bbox 757 1090 945 1127; x_wconf 87' lang='lat' dir='ltr'>solacium</span> <span class='ocrx_word' id='word_1_149' title='bbox 977 1089 1185 1127; x_wconf 86' lang='lat' dir='ltr'>undeunde</span> <span class='ocrx_word' id='word_1_150' title='bbox 1207 1089 1468 1138; x_wconf 89' lang='lat' dir='ltr'>spernendum</span> <span class='ocrx_word' id='word_1_151' title='bbox 1489 1098 1523 1121; x_wconf 61' lang='lat'>³¹7</span> 
     </span>
     <span class='ocr_line' id='line_1_23' title="bbox 112 1148 1468 1198; baseline 0.001 -13"><span class='ocrx_word' id='word_1_152' title='bbox 112 1150 181 1186; x_wconf 89' lang='lat' dir='ltr'>est.</span> <span class='ocrx_word' id='word_1_153' title='bbox 244 1149 316 1186; x_wconf 89' lang='lat' dir='ltr'>illa</span> <span class='ocrx_word' id='word_1_154' title='bbox 345 1148 444 1185; x_wconf 87' lang='lat' dir='ltr'>mihi</span> <span class='ocrx_word' id='word_1_155' title='bbox 475 1161 634 1198; x_wconf 86' lang='lat' dir='ltr'>prorsus</span> <span class='ocrx_word' id='word_1_156' title='bbox 667 1148 890 1186; x_wconf 88' lang='lat' dir='ltr'>adhibenda</span> <span class='ocrx_word' id='word_1_157' title='bbox 923 1152 982 1187; x_wconf 90' lang='lat' dir='ltr'>est</span> <span class='ocrx_word' id='word_1_158' title='bbox 1012 1162 1084 1186; x_wconf 89' lang='lat' dir='ltr'>nec</span> <span class='ocrx_word' id='word_1_159' title='bbox 1116 1149 1199 1186; x_wconf 85' lang='lat' dir='ltr'>ulla</span> <span class='ocrx_word' id='word_1_160' title='bbox 1231 1149 1322 1196; x_wconf 85' lang='lat' dir='ltr'>alia,</span> <span class='ocrx_word' id='word_1_161' title='bbox 1368 1162 1468 1198; x_wconf 85' lang='lat' dir='ltr'>quae</span> 
     </span>
     <span class='ocr_line' id='line_1_24' title="bbox 111 1208 1469 1259; baseline 0.001 -14"><span class='ocrx_word' id='word_1_162' title='bbox 111 1209 279 1259; x_wconf 86' lang='lat' dir='ltr'>castiget</span> <span class='ocrx_word' id='word_1_163' title='bbox 318 1208 530 1257; x_wconf 85' lang='lat' dir='ltr'>asperrime</span> <span class='ocrx_word' id='word_1_164' title='bbox 568 1221 766 1258; x_wconf 83' lang='lat' dir='ltr'>nugonem</span> <span class='ocrx_word' id='word_1_165' title='bbox 803 1209 941 1257; x_wconf 89' lang='lat' dir='ltr'>istum,</span> <span class='ocrx_word' id='word_1_166' title='bbox 985 1210 1173 1246; x_wconf 81' lang='lat' dir='ltr'>faretram</span> <span class='ocrx_word' id='word_1_167' title='bbox 1220 1209 1389 1258; x_wconf 80' lang='lat' dir='ltr'>explicet</span> <span class='ocrx_word' id='word_1_168' title='bbox 1430 1212 1469 1246; x_wconf 85' lang='lat' dir='ltr'>et</span> 
     </span>
     <span class='ocr_line' id='line_1_25' title="bbox 111 1267 1467 1318; baseline 0.001 -13"><span class='ocrx_word' id='word_1_169' title='bbox 111 1269 279 1318; x_wconf 85' lang='lat' dir='ltr'>sagittas</span> <span class='ocrx_word' id='word_1_170' title='bbox 312 1267 499 1315; x_wconf 86' lang='lat' dir='ltr'>dearmet,</span> <span class='ocrx_word' id='word_1_171' title='bbox 533 1280 666 1305; x_wconf 90' lang='lat' dir='ltr'>arcum</span> <span class='ocrx_word' id='word_1_172' title='bbox 699 1268 852 1315; x_wconf 86' lang='lat' dir='ltr'>enodet,</span> <span class='ocrx_word' id='word_1_173' title='bbox 887 1268 1044 1306; x_wconf 85' lang='lat' dir='ltr'>taedam</span> <span class='ocrx_word' id='word_1_174' title='bbox 1078 1268 1314 1315; x_wconf 87' lang='lat' dir='ltr'>defiammet,</span> <span class='ocrx_word' id='word_1_175' title='bbox 1346 1270 1467 1306; x_wconf 89' lang='lat' dir='ltr'>immo</span> 
     </span>
     <span class='ocr_line' id='line_1_26' title="bbox 111 1327 1522 1376; baseline 0.001 -12"><span class='ocrx_word' id='word_1_176' title='bbox 111 1329 151 1364; x_wconf 88' lang='lat' dir='ltr'>et</span> <span class='ocrx_word' id='word_1_177' title='bbox 182 1327 310 1376; x_wconf 87' lang='lat' dir='ltr'>ipsum</span> <span class='ocrx_word' id='word_1_178' title='bbox 344 1340 485 1376; x_wconf 87' lang='lat' dir='ltr'>corpus</span> <span class='ocrx_word' id='word_1_179' title='bbox 519 1328 600 1365; x_wconf 87' lang='lat' dir='ltr'>eius</span> <span class='ocrx_word' id='word_1_180' title='bbox 635 1327 850 1366; x_wconf 82' lang='lat' dir='ltr'>acrioribus</span> <span class='ocrx_word' id='word_1_181' title='bbox 882 1328 1065 1366; x_wconf 86' lang='lat' dir='ltr'>remediis</span> <span class='ocrx_word' id='word_1_182' title='bbox 1099 1328 1315 1366; x_wconf 80' lang='lat' dir='ltr'>coherceat.</span> <span class='ocrx_word' id='word_1_183' title='bbox 1372 1331 1467 1366; x_wconf 87' lang='lat' dir='ltr'>tunc</span> <span class='ocrx_word' id='word_1_184' title='bbox 1489 1342 1522 1366; x_wconf 65' lang='lat'>20</span> 
     </span>
     <span class='ocr_line' id='line_1_27' title="bbox 110 1383 1468 1439; baseline 0.001 -15"><span class='ocrx_word' id='word_1_185' title='bbox 110 1385 279 1424; x_wconf 84' lang='lat' dir='ltr'>iniuriae</span> <span class='ocrx_word' id='word_1_186' title='bbox 321 1399 431 1424; x_wconf 85' lang='lat' dir='ltr'>meae</span> <span class='ocrx_word' id='word_1_187' title='bbox 475 1383 720 1439; x_wconf 85' lang='lat' dir='ltr'>lita[ta]tum</span> <span class='ocrx_word' id='word_1_188' title='bbox 765 1387 1018 1435; x_wconf 86' lang='lat' dir='ltr'>crediderim,</span> <span class='ocrx_word' id='word_1_189' title='bbox 1065 1400 1151 1424; x_wconf 81' lang='lat' dir='ltr'>cum</span> <span class='ocrx_word' id='word_1_190' title='bbox 1197 1388 1280 1425; x_wconf 91' lang='lat' dir='ltr'>eius</span> <span class='ocrx_word' id='word_1_191' title='bbox 1325 1400 1468 1436; x_wconf 82' lang='lat' dir='ltr'>comas,</span> 
     </span>
     <span class='ocr_line' id='line_1_28' title="bbox 111 1446 1469 1496; baseline 0.001 -13"><span class='ocrx_word' id='word_1_192' title='bbox 111 1458 211 1494; x_wconf 88' lang='lat' dir='ltr'>quas</span> <span class='ocrx_word' id='word_1_193' title='bbox 248 1447 337 1484; x_wconf 88' lang='lat' dir='ltr'>istis</span> <span class='ocrx_word' id='word_1_194' title='bbox 375 1446 557 1484; x_wconf 86' lang='lat' dir='ltr'>manibus</span> <span class='ocrx_word' id='word_1_195' title='bbox 595 1448 692 1484; x_wconf 91' lang='lat' dir='ltr'>meis</span> <span class='ocrx_word' id='word_1_196' title='bbox 725 1446 889 1484; x_wconf 84' lang='lat' dir='ltr'>subinde</span> <span class='ocrx_word' id='word_1_197' title='bbox 932 1459 1051 1484; x_wconf 89' lang='lat' dir='ltr'>aureo</span> <span class='ocrx_word' id='word_1_198' title='bbox 1084 1449 1212 1485; x_wconf 89' lang='lat' dir='ltr'>nitore</span> <span class='ocrx_word' id='word_1_199' title='bbox 1244 1448 1469 1496; x_wconf 80' lang='lat' dir='ltr'>perstrinxi,</span> 
     </span>
     <span class='ocr_line' id='line_1_29' title="bbox 111 1505 1469 1556; baseline 0.001 -14"><span class='ocrx_word' id='word_1_200' title='bbox 111 1505 314 1553; x_wconf 87' lang='lat' dir='ltr'>deraserit,</span> <span class='ocrx_word' id='word_1_201' title='bbox 346 1507 500 1554; x_wconf 90' lang='lat' dir='ltr'>pinnas,</span> <span class='ocrx_word' id='word_1_202' title='bbox 543 1519 640 1555; x_wconf 88' lang='lat' dir='ltr'>quas</span> <span class='ocrx_word' id='word_1_203' title='bbox 672 1519 758 1544; x_wconf 88' lang='lat' dir='ltr'>meo</span> <span class='ocrx_word' id='word_1_204' title='bbox 797 1508 946 1556; x_wconf 81' lang='lat' dir='ltr'>gremio</span> <span class='ocrx_word' id='word_1_205' title='bbox 979 1507 1152 1545; x_wconf 83' lang='lat' dir='ltr'>nectarei</span> <span class='ocrx_word' id='word_1_206' title='bbox 1184 1507 1306 1545; x_wconf 85' lang='lat' dir='ltr'>fontis</span> <span class='ocrx_word' id='word_1_207' title='bbox 1338 1507 1469 1555; x_wconf 82' lang='lat' dir='ltr'>infeci,</span> 
     </span>
     <span class='ocr_line' id='line_1_30' title="bbox 110 1561 462 1614; baseline 0 -12"><span class='ocrx_word' id='word_1_208' title='bbox 110 1561 462 1614; x_wconf 85' lang='lat' dir='ltr'>praetotonderit.⁷⁷</span> 
     </span>
     <span class='ocr_line' id='line_1_31' title="bbox 203 1624 1536 1675; baseline 0.002 -13"><span class='ocrx_word' id='word_1_209' title='bbox 203 1624 266 1662; x_wconf 88' lang='lat' dir='ltr'>Sic</span> <span class='ocrx_word' id='word_1_210' title='bbox 311 1625 428 1662; x_wconf 86' lang='lat' dir='ltr'>effata</span> <span class='ocrx_word' id='word_1_211' title='bbox 471 1626 577 1663; x_wconf 86' lang='lat' dir='ltr'>foras</span> <span class='ocrx_word' id='word_1_212' title='bbox 620 1638 701 1663; x_wconf 84' lang='lat' dir='ltr'>sese</span> <span class='ocrx_word' id='word_1_213' title='bbox 746 1625 916 1675; x_wconf 88' lang='lat' dir='ltr'>proripit</span> <span class='ocrx_word' id='word_1_214' title='bbox 959 1625 1106 1664; x_wconf 85' lang='lat' dir='ltr'>infesta</span> <span class='ocrx_word' id='word_1_215' title='bbox 1145 1628 1183 1663; x_wconf 89' lang='lat' dir='ltr'>et</span> <span class='ocrx_word' id='word_1_216' title='bbox 1220 1627 1469 1664; x_wconf 81' lang='lat' dir='ltr'>stomachata</span> <span class='ocrx_word' id='word_1_217' title='bbox 1490 1625 1536 1660; x_wconf 80' lang='lat'>31</span> 
     </span>
     <span class='ocr_line' id='line_1_32' title="bbox 111 1683 1522 1734; baseline 0.001 -12"><span class='ocrx_word' id='word_1_218' title='bbox 111 1683 209 1722; x_wconf 87' lang='lat' dir='ltr'>biles</span> <span class='ocrx_word' id='word_1_219' title='bbox 242 1684 443 1721; x_wconf 85' lang='lat' dir='ltr'>Venerias.</span> <span class='ocrx_word' id='word_1_220' title='bbox 518 1685 585 1722; x_wconf 90' lang='lat' dir='ltr'>sed</span> <span class='ocrx_word' id='word_1_221' title='bbox 631 1698 716 1723; x_wconf 88' lang='lat' dir='ltr'>eam</span> <span class='ocrx_word' id='word_1_222' title='bbox 760 1686 941 1734; x_wconf 88' lang='lat' dir='ltr'>protinus</span> <span class='ocrx_word' id='word_1_223' title='bbox 976 1684 1089 1723; x_wconf 88' lang='lat' dir='ltr'>Ceres</span> <span class='ocrx_word' id='word_1_224' title='bbox 1129 1688 1169 1723; x_wconf 90' lang='lat' dir='ltr'>et</span> <span class='ocrx_word' id='word_1_225' title='bbox 1206 1685 1304 1723; x_wconf 89' lang='lat' dir='ltr'>Iuno</span> <span class='ocrx_word' id='word_1_226' title='bbox 1344 1687 1468 1724; x_wconf 88' lang='lat' dir='ltr'>conti·</span> <span class='ocrx_word' id='word_1_227' title='bbox 1489 1699 1522 1723; x_wconf 75' lang='lat'>26</span> 
     </span>
     <span class='ocr_line' id='line_1_33' title="bbox 111 1745 1467 1794; baseline 0.002 -14"><span class='ocrx_word' id='word_1_228' title='bbox 111 1746 286 1781; x_wconf 84' lang='lat' dir='ltr'>nuantur</span> <span class='ocrx_word' id='word_1_229' title='bbox 310 1745 515 1793; x_wconf 88' lang='lat' dir='ltr'>uisamque</span> <span class='ocrx_word' id='word_1_230' title='bbox 549 1745 665 1782; x_wconf 89' lang='lat' dir='ltr'>uultu</span> <span class='ocrx_word' id='word_1_231' title='bbox 689 1745 843 1783; x_wconf 75' lang='lat' dir='ltr'>tumido</span> <span class='ocrx_word' id='word_1_232' title='bbox 872 1745 1085 1794; x_wconf 84' lang='lat' dir='ltr'>quaesiere,</span> <span class='ocrx_word' id='word_1_233' title='bbox 1118 1758 1187 1782; x_wconf 91' lang='lat' dir='ltr'>cur</span> <span class='ocrx_word' id='word_1_234' title='bbox 1206 1746 1309 1783; x_wconf 88' lang='lat' dir='ltr'>truci</span> <span class='ocrx_word' id='word_1_235' title='bbox 1334 1757 1467 1794; x_wconf 88' lang='lat' dir='ltr'>super·</span> 
     </span>
     <span class='ocr_line' id='line_1_34' title="bbox 112 1803 1467 1843; baseline 0.002 -3"><span class='ocrx_word' id='word_1_236' title='bbox 112 1803 202 1841; x_wconf 91' lang='lat' dir='ltr'>cilio</span> <span class='ocrx_word' id='word_1_237' title='bbox 228 1805 382 1840; x_wconf 83' lang='lat' dir='ltr'>tantam</span> <span class='ocrx_word' id='word_1_238' title='bbox 409 1806 661 1842; x_wconf 85' lang='lat' dir='ltr'>uenustatem</span> <span class='ocrx_word' id='word_1_239' title='bbox 686 1805 921 1842; x_wconf 85' lang='lat' dir='ltr'>micantium</span> <span class='ocrx_word' id='word_1_240' title='bbox 948 1805 1151 1843; x_wconf 84' lang='lat' dir='ltr'>oculorum</span> <span class='ocrx_word' id='word_1_241' title='bbox 1178 1807 1383 1843; x_wconf 82' lang='lat' dir='ltr'>coerceret.</span> <span class='ocrx_word' id='word_1_242' title='bbox 1427 1810 1467 1843; x_wconf 82' lang='lat' dir='ltr'>at</span> 
     </span>
     <span class='ocr_line' id='line_1_35' title="bbox 111 1858 1469 1913; baseline 0.002 -14"><span class='ocrx_word' id='word_1_243' title='bbox 111 1862 198 1900; x_wconf 87' lang='lat' dir='ltr'>illa:</span> <span class='ocrx_word' id='word_1_244' title='bbox 231 1858 484 1912; x_wconf 73' lang='lat' dir='ltr'>“oportune⁷⁷‚</span> <span class='ocrx_word' id='word_1_245' title='bbox 515 1865 660 1912; x_wconf 88' lang='lat' dir='ltr'>inquit,</span> <span class='ocrx_word' id='word_1_246' title='bbox 692 1861 871 1901; x_wconf 80' lang='lat' dir='ltr'>“ardenti</span> <span class='ocrx_word' id='word_1_247' title='bbox 896 1876 1056 1912; x_wconf 89' lang='lat' dir='ltr'>prorsus</span> <span class='ocrx_word' id='word_1_248' title='bbox 1088 1865 1165 1902; x_wconf 90' lang='lat' dir='ltr'>isto</span> <span class='ocrx_word' id='word_1_249' title='bbox 1198 1877 1284 1902; x_wconf 90' lang='lat' dir='ltr'>meo</span> <span class='ocrx_word' id='word_1_250' title='bbox 1317 1867 1469 1913; x_wconf 80' lang='lat' dir='ltr'>pectori</span> 
     </span>
    </p>
   </div>
   <div class='ocr_carea' id='block_1_6' title="bbox 109 1964 1470 2391">
    <p class='ocr_par' dir='ltr' id='par_1_6' title="bbox 109 1964 1470 2346">
     <span class='ocr_line' id='line_1_36' title="bbox 206 1964 1470 2013; baseline 0.002 -15"><span class='ocrx_word' id='word_1_251' title='bbox 206 1964 234 1997; x_wconf 81' lang='lat' dir='ltr'><strong>F</strong></span> <span class='ocrx_word' id='word_1_252' title='bbox 250 1965 346 1999; x_wconf 62' lang='lat'>148¹),</span> <span class='ocrx_word' id='word_1_253' title='bbox 375 1979 402 2006; x_wconf 84' lang='grc' dir='ltr'>φ</span> <span class='ocrx_word' id='word_1_254' title='bbox 418 1969 490 2000; x_wconf 72' lang='lat'>44⁸.</span> <span class='ocrx_word' id='word_1_255' title='bbox 599 1970 618 1999; x_wconf 89' lang='lat'><strong>3</strong></span> <span class='ocrx_word' id='word_1_256' title='bbox 639 1966 761 2010; x_wconf 88' lang='lat' dir='ltr'>prima</span> <span class='ocrx_word' id='word_1_257' title='bbox 823 1980 866 2010; x_wconf 67' lang='lat' dir='ltr'>qa:</span> <span class='ocrx_word' id='word_1_258' title='bbox 881 1965 1004 2010; x_wconf 87' lang='lat' dir='ltr'>prima</span> <span class='ocrx_word' id='word_1_259' title='bbox 1028 1968 1094 2000; x_wconf 86' lang='lat' dir='ltr'>tua</span> <span class='ocrx_word' id='word_1_260' title='bbox 1145 1966 1225 2013; x_wconf 72' lang='lat' dir='ltr'>(a)</span> <span class='ocrx_word' id='word_1_261' title='bbox 1251 1978 1305 2011; x_wconf 92' lang='lat' dir='ltr'>pr.</span> <span class='ocrx_word' id='word_1_262' title='bbox 1339 1967 1470 2002; x_wconf 70' lang='lat' dir='ltr'>Novdk</span> 
     </span>
     <span class='ocr_line' id='line_1_37' title="bbox 112 2011 1353 2058; baseline 0.003 -14"><span class='ocrx_word' id='word_1_263' title='bbox 112 2011 233 2056; x_wconf 85' lang='lat' dir='ltr'>prima</span> <span class='ocrx_word' id='word_1_264' title='bbox 259 2012 339 2058; x_wconf 71' lang='lat' dir='ltr'>(a)</span> <span class='ocrx_word' id='word_1_265' title='bbox 368 2013 562 2049; x_wconf 67' lang='lat' dir='ltr'>Illichaelis</span> <span class='ocrx_word' id='word_1_266' title='bbox 586 2014 630 2057; x_wconf 60' lang='grc' dir='ltr'>οἵ.</span> <span class='ocrx_word' id='word_1_267' title='bbox 654 2017 736 2056; x_wconf 82' lang='grc'><em>62,1</em></span> <span class='ocrx_word' id='word_1_268' title='bbox 870 2018 891 2048; x_wconf 82' lang='lat'>4</span> <span class='ocrx_word' id='word_1_269' title='bbox 917 2013 1028 2048; x_wconf 71' lang='lat' dir='ltr'>habes</span> <span class='ocrx_word' id='word_1_270' title='bbox 1048 2013 1065 2033; x_wconf 70' lang='lat'>¹¹</span> <span class='ocrx_word' id='word_1_271' title='bbox 1092 2014 1169 2049; x_wconf 76' lang='lat' dir='ltr'>ead.</span> <span class='ocrx_word' id='word_1_272' title='bbox 1199 2026 1241 2048; x_wconf 85' lang='lat' dir='ltr'>m.</span> <span class='ocrx_word' id='word_1_273' title='bbox 1269 2014 1353 2049; x_wconf 76' lang='lat' dir='ltr'>add.</span> 
     </span>
     <span class='ocr_line' id='line_1_38' title="bbox 113 2058 1469 2107; baseline 0.003 -15"><span class='ocrx_word' id='word_1_274' title='bbox 113 2062 131 2092; x_wconf 82' lang='lat'><strong>7</strong></span> <span class='ocrx_word' id='word_1_275' title='bbox 159 2058 265 2093; x_wconf 90' lang='lat' dir='ltr'>illum</span> <span class='ocrx_word' id='word_1_276' title='bbox 291 2060 472 2107; x_wconf 84' lang='lat' dir='ltr'>&lt;uirum&gt;</span> <span class='ocrx_word' id='word_1_277' title='bbox 498 2061 603 2096; x_wconf 80' lang='lat' dir='ltr'>vdVl</span> <span class='ocrx_word' id='word_1_278' title='bbox 726 2066 768 2095; x_wconf 77' lang='lat'>14</span> <span class='ocrx_word' id='word_1_279' title='bbox 796 2063 861 2095; x_wconf 83' lang='lat' dir='ltr'>aut</span> <span class='ocrx_word' id='word_1_280' title='bbox 887 2063 942 2106; x_wconf 86' lang='grc' dir='ltr'>(φ)</span> <span class='ocrx_word' id='word_1_281' title='bbox 969 2064 1009 2095; x_wconf 85' lang='lat' dir='ltr'>at</span> <span class='ocrx_word' id='word_1_282' title='bbox 1027 2062 1127 2096; x_wconf 73' lang='lat' dir='ltr'>Jahn</span> <span class='ocrx_word' id='word_1_283' title='bbox 1252 2066 1294 2096; x_wconf 84' lang='lat'>15</span> <span class='ocrx_word' id='word_1_284' title='bbox 1314 2061 1469 2106; x_wconf 68' lang='lat' dir='ltr'>cloquifi</span> 
     </span>
     <span class='ocr_line' id='line_1_39' title="bbox 109 2106 1467 2154; baseline 0.003 -15"><span class='ocrx_word' id='word_1_285' title='bbox 109 2106 222 2154; x_wconf 62' lang='lat' dir='ltr'>cprsus</span> <span class='ocrx_word' id='word_1_286' title='bbox 243 2107 459 2143; x_wconf 62' lang='lat' dir='ltr'>adhibendi}</span> <span class='ocrx_word' id='word_1_287' title='bbox 485 2112 503 2143; x_wconf 77' lang='lat' dir='ltr'>e</span> <span class='ocrx_word' id='word_1_288' title='bbox 530 2110 586 2154; x_wconf 83' lang='grc' dir='ltr'>(φ)</span> <span class='ocrx_word' id='word_1_289' title='bbox 611 2120 726 2153; x_wconf 78' lang='lat' dir='ltr'>prorS.</span> <span class='ocrx_word' id='word_1_290' title='bbox 755 2109 840 2143; x_wconf 84' lang='lat' dir='ltr'>adh.</span> <span class='ocrx_word' id='word_1_291' title='bbox 874 2111 930 2143; x_wconf 89' lang='lat' dir='ltr'>est</span> <span class='ocrx_word' id='word_1_292' title='bbox 951 2110 1015 2143; x_wconf 78' lang='lat' dir='ltr'>del.</span> <span class='ocrx_word' id='word_1_293' title='bbox 1039 2110 1150 2152; x_wconf 65' lang='lat' dir='ltr'>Laetj</span> <span class='ocrx_word' id='word_1_294' title='bbox 1175 2111 1220 2152; x_wconf 83' lang='lat' dir='ltr'>cf.</span> <span class='ocrx_word' id='word_1_295' title='bbox 1242 2121 1270 2144; x_wconf 84' lang='lat' dir='ltr'>v.</span> <span class='ocrx_word' id='word_1_296' title='bbox 1295 2113 1341 2144; x_wconf 80' lang='lat'>17</span> <span class='ocrx_word' id='word_1_297' title='bbox 1365 2121 1467 2154; x_wconf 88' lang='lat' dir='ltr'>pror-</span> 
     </span>
     <span class='ocr_line' id='line_1_40' title="bbox 112 2155 1468 2203; baseline 0.002 -16"><span class='ocrx_word' id='word_1_298' title='bbox 112 2165 173 2188; x_wconf 79' lang='lat' dir='ltr'>sus</span> <span class='ocrx_word' id='word_1_299' title='bbox 199 2155 268 2197; x_wconf 81' lang='lat' dir='ltr'>def.</span> <span class='ocrx_word' id='word_1_300' title='bbox 291 2156 465 2203; x_wconf 75' lang='lat' dir='ltr'>Plasbery</span> <span class='ocrx_word' id='word_1_301' title='bbox 486 2157 581 2201; x_wconf 77' lang='lat' dir='ltr'>quod</span> <span class='ocrx_word' id='word_1_302' title='bbox 600 2157 721 2201; x_wconf 75' lang='lat' dir='ltr'>ipsum</span> <span class='ocrx_word' id='word_1_303' title='bbox 746 2168 876 2192; x_wconf 75' lang='lat' dir='ltr'>ansam</span> <span class='ocrx_word' id='word_1_304' title='bbox 896 2158 1011 2191; x_wconf 71' lang='lat' dir='ltr'>errori</span> <span class='ocrx_word' id='word_1_305' title='bbox 1029 2158 1242 2202; x_wconf 74' lang='lat' dir='ltr'>praebuerit</span> <span class='ocrx_word' id='word_1_306' title='bbox 1361 2161 1403 2191; x_wconf 89' lang='lat'>18</span> <span class='ocrx_word' id='word_1_307' title='bbox 1431 2159 1468 2192; x_wconf 89' lang='lat' dir='ltr'>et</span> 
     </span>
     <span class='ocr_line' id='line_1_41' title="bbox 112 2202 1469 2249; baseline 0.002 -13"><span class='ocrx_word' id='word_1_308' title='bbox 112 2202 177 2236; x_wconf 84' lang='lat' dir='ltr'>del.</span> <span class='ocrx_word' id='word_1_309' title='bbox 204 2202 316 2246; x_wconf 79' lang='lat' dir='ltr'>Luetj</span> <span class='ocrx_word' id='word_1_310' title='bbox 466 2208 508 2238; x_wconf 83' lang='lat'>21</span> <span class='ocrx_word' id='word_1_311' title='bbox 537 2204 606 2238; x_wconf 84' lang='lat' dir='ltr'>lita</span> <span class='ocrx_word' id='word_1_312' title='bbox 620 2206 703 2238; x_wconf 76' lang='lat' dir='ltr'>tatu</span> <span class='ocrx_word' id='word_1_313' title='bbox 729 2216 791 2239; x_wconf 85' lang='lat' dir='ltr'>em.</span> <span class='ocrx_word' id='word_1_314' title='bbox 820 2218 848 2249; x_wconf 84' lang='grc' dir='ltr'><strong>φ</strong></span> <span class='ocrx_word' id='word_1_315' title='bbox 995 2209 1038 2238; x_wconf 75' lang='lat'>23</span> <span class='ocrx_word' id='word_1_316' title='bbox 1065 2204 1104 2238; x_wconf 90' lang='lat' dir='ltr'>in</span> <span class='ocrx_word' id='word_1_317' title='bbox 1135 2215 1217 2239; x_wconf 87' lang='lat' dir='ltr'>meo</span> <span class='ocrx_word' id='word_1_318' title='bbox 1247 2205 1469 2240; x_wconf 68' lang='lat' dir='ltr'>Cornelissen</span> 
     </span>
     <span class='ocr_line' id='line_1_42' title="bbox 112 2250 1467 2294; baseline 0.003 -12"><span class='ocrx_word' id='word_1_319' title='bbox 112 2250 157 2290; x_wconf 83' lang='lat' dir='ltr'>cf.</span> <span class='ocrx_word' id='word_1_320' title='bbox 179 2252 262 2292; x_wconf 81' lang='lat'>10,3</span> <span class='ocrx_word' id='word_1_321' title='bbox 289 2253 394 2293; x_wconf 81' lang='lat'>53,11</span> <span class='ocrx_word' id='word_1_322' title='bbox 421 2254 532 2294; x_wconf 80' lang='lat'>57,22</span> <span class='ocrx_word' id='word_1_323' title='bbox 558 2254 667 2293; x_wconf 61' lang='lat'><em>55321</em></span> <span class='ocrx_word' id='word_1_324' title='bbox 688 2252 734 2287; x_wconf 80' lang='grc' dir='ltr'>αῖ.</span> <span class='ocrx_word' id='word_1_325' title='bbox 907 2256 950 2286; x_wconf 80' lang='lat'>26</span> <span class='ocrx_word' id='word_1_326' title='bbox 978 2252 1129 2286; x_wconf 80' lang='lat' dir='ltr'>cereseti</span> <span class='ocrx_word' id='word_1_327' title='bbox 1154 2263 1228 2286; x_wconf 90' lang='lat' dir='ltr'>uno</span> <span class='ocrx_word' id='word_1_328' title='bbox 1255 2264 1318 2287; x_wconf 85' lang='lat' dir='ltr'>em.</span> <span class='ocrx_word' id='word_1_329' title='bbox 1349 2254 1397 2288; x_wconf 86' lang='lat' dir='ltr'>al.</span> <span class='ocrx_word' id='word_1_330' title='bbox 1422 2265 1467 2287; x_wconf 81' lang='lat' dir='ltr'>m.</span> 
     </span>
     <span class='ocr_line' id='line_1_43' title="bbox 113 2297 1468 2346; baseline 0.003 -16"><span class='ocrx_word' id='word_1_331' title='bbox 113 2301 144 2330; x_wconf 82' lang='lat' dir='ltr'>et</span> <span class='ocrx_word' id='word_1_332' title='bbox 169 2297 210 2330; x_wconf 79' lang='lat' dir='ltr'>in</span> <span class='ocrx_word' id='word_1_333' title='bbox 229 2309 296 2343; x_wconf 72' lang='lat' dir='ltr'>my.</span> <span class='ocrx_word' id='word_1_334' title='bbox 319 2298 402 2332; x_wconf 82' lang='lat' dir='ltr'>add.</span> <span class='ocrx_word' id='word_1_335' title='bbox 431 2304 527 2334; x_wconf 71' lang='lat' dir='ltr'>cere¹3</span> <span class='ocrx_word' id='word_1_336' title='bbox 552 2309 564 2334; x_wconf 77' lang='lat' dir='ltr'>z</span> <span class='ocrx_word' id='word_1_337' title='bbox 591 2299 678 2333; x_wconf 91' lang='lat' dir='ltr'>iuno</span> <span class='ocrx_word' id='word_1_338' title='bbox 812 2299 1053 2334; x_wconf 84' lang='lat' dir='ltr'>continantur</span> <span class='ocrx_word' id='word_1_339' title='bbox 1080 2300 1268 2346; x_wconf 69' lang='lat' dir='ltr'>Kiessliny</span> <span class='ocrx_word' id='word_1_340' title='bbox 1294 2301 1338 2343; x_wconf 75' lang='lat' dir='ltr'>ef.</span> <span class='ocrx_word' id='word_1_341' title='bbox 1359 2303 1468 2342; x_wconf 52' lang='lat'>2211</span> 
     </span>
    </p>

    <p class='ocr_par' dir='ltr' id='par_1_7' title="bbox 161 2344 583 2391">
     <span class='ocr_line' id='line_1_44' title="bbox 161 2344 583 2391; baseline 0.009 -14"><span class='ocrx_word' id='word_1_342' title='bbox 161 2347 204 2377; x_wconf 74' lang='lat'>‘27</span> <span class='ocrx_word' id='word_1_343' title='bbox 230 2344 365 2380; x_wconf 89' lang='lat' dir='ltr'>timido</span> <span class='ocrx_word' id='word_1_344' title='bbox 392 2347 447 2391; x_wconf 84' lang='grc' dir='ltr'>(φ)</span> <span class='ocrx_word' id='word_1_345' title='bbox 473 2358 536 2381; x_wconf 82' lang='lat' dir='ltr'>em.</span> <span class='ocrx_word' id='word_1_346' title='bbox 562 2359 583 2381; x_wconf 79' lang='grc' dir='ltr'><strong><em>υ</em></strong></span> 
     </span>
    </p>
   </div>
  </div>
 </body>
</html>
