1657 2526
246 38 418 76 APVLEI
444 39 909 77 METAMoRPHOSEON
932 40 1018 76 LIB.
1041 41 1152 83 VIHI,
1182 47 1235 77 11.
1265 46 1306 77 12
1364 45 1446 86 211

31 115 98 140 Oud.
1470 117 1496 141 Ε

102 156 186 192 tum
217 154 371 192 seruitii
408 155 742 204 perhorrescerem
781 154 948 202 scilicet,
986 167 1113 193 nouus
1151 155 1332 194 dominus
1364 156 1451 194 loca

99 213 227 251 lautia
251 213 405 264 prolixe
430 212 629 265 praebuit.
679 226 769 250 nam
798 215 837 251 et
863 213 970 251 diem
995 215 1168 264 primum
1193 214 1308 252 illum
1333 215 1449 253 feria-

98 275 184 310 tum
227 272 338 310 dedit
381 275 420 311 et
463 272 620 311 cibariis
665 272 915 311 abundanter
958 273 1147 311 instruxit
1187 275 1448 323 praesepium.

98 345 167 370 nec
198 334 332 370 tamen
363 332 434 370 illa
462 333 535 370 otii
567 332 806 382 saginaeque
838 332 1043 370 beatitudo
1076 332 1241 371 durauit
1272 333 1450 382 ulterius,

99 391 165 428 sed
191 391 254 429 die
281 392 461 441 sequenti
485 392 626 439 molae,
653 403 753 440 quae
779 393 956 429 maxima
981 391 1203 440 uidebatur,
1229 393 1449 430 matutinus
1471 403 1484 427 5

99 450 297 488 adstituor
328 453 367 489 et
398 451 490 489 ilico
523 451 658 489 uelata
689 451 790 488 facie
822 451 1023 500 propellor
1049 451 1099 490 ad
1124 452 1293 489 incurua
1318 452 1450 501 spatia

97 509 260 548 flexuosi
290 505 302 563 Η
333 510 499 559 canalis,
538 512 583 548 ut
620 510 661 547 in
699 511 791 548 orbe
823 510 983 548 termini
1016 511 1321 549 circumfluentis
1352 512 1449 549 reci-

96 582 215 618 proco
247 582 382 620 gressu
414 582 503 607 mea
533 570 734 608 recalcans
765 570 940 620 uestigia
971 583 1140 621 uagarer
1172 583 1301 608 errore
1331 573 1448 609 certo.

96 642 168 666 nec
199 631 332 667 tamen
364 629 595 679 sagacitatis
629 641 673 667 ac
704 629 940 679 prudentiae
972 642 1082 668 meae
1114 642 1275 679 prorsus
1302 629 1449 668 oblitus

97 689 251 726 facilem
294 702 355 726 me
397 689 581 727 tirocinio
623 688 856 738 disciplinae
898 689 1078 739 praebui3
1120 689 1189 727 sed
1220 702 1449 739 quanquam
1472 700 1502 723 10

97 749 337 797 frequenter,
369 760 459 786 cum
490 748 594 786 inter
624 748 802 786 homines
836 761 1005 798 agerem,
1037 749 1239 787 machinas
1266 749 1450 787 similiter

0 805 76 854 {⁶1⁵
97 808 369 846 circumrotari
402 808 606 857 uidissem,
644 810 776 846 tamen
811 810 854 845 ut
886 821 1022 857 expers
1055 811 1094 847 et
1124 808 1286 859 ignarus
1318 808 1448 858 operis

0 858 1 864 ἵ
97 869 259 916 stupore
300 869 467 906 mentito
509 866 656 905 defixus
697 867 920 916 haerebam,
961 868 1067 917 quod
1109 869 1213 905 enim
1250 868 1365 906 rebar
1403 870 1449 906 ut

95 927 225 965 minus
257 929 397 976 aptum
429 929 468 965 et
499 927 616 966 huius
649 926 756 965 modi
788 928 1011 965 ministerio
1043 928 1140 966 satis
1172 928 1354 965 inutilem
1387 941 1448 966 me

96 986 144 1023 ad
182 986 312 1024 alium
350 987 578 1037 quempiam
615 987 753 1035 utique
785 987 976 1025 leuiorem
1008 987 1184 1025 laborem
1216 984 1448 1038 legatu<m>
1469 997 1502 1021 15

95 1047 146 1083 iri
184 1046 247 1084 uel
286 1047 462 1085 otiosum
501 1049 605 1085 certe
644 1043 875 1097 cibatu<1m>
907 1046 966 1084 iri.
1030 1047 1099 1085 sed
1131 1047 1280 1084 frustra
1312 1047 1446 1085 soller-

94 1106 191 1143 tiam
219 1106 449 1144 damnosam
482 1106 646 1144 exercui.
704 1106 925 1156 complures
958 1107 1061 1144 enim
1088 1107 1270 1156 protinus
1295 1106 1446 1144 baculis

96 1165 239 1203 armati
288 1178 350 1203 me
401 1166 746 1204 circumsteterunt
795 1168 934 1214 atque,
984 1167 1029 1203 ut
1072 1178 1178 1204 eram
1230 1165 1446 1204 luminibus

94 1224 260 1263 obtectis
305 1237 464 1264 securus
509 1225 747 1274 etiamnunc,
790 1227 952 1274 repente
997 1226 1110 1276 signo
1156 1225 1248 1264 dato
1291 1227 1332 1264 et
1369 1226 1446 1263 cla-

93 1297 200 1322 more
234 1285 422 1334 conferto,
453 1285 592 1335 plagas
624 1285 847 1335 ingerentes
875 1285 1105 1332 aceruatim,
1138 1285 1235 1323 adeo
1262 1298 1323 1323 me
1350 1287 1445 1323 stre·
1467 1296 1500 1320 2⁰

93 1343 179 1392 pitu
211 1344 503 1395 turbulentant,
535 1347 579 1382 ut
611 1344 762 1383 cunctis
795 1345 972 1383 consiliis
1005 1344 1169 1383 abiectis
1200 1344 1293 1383 ilico
1319 1346 1446 1383 scitis-

93 1403 189 1441 sime
238 1405 395 1442 taeniae
445 1407 628 1454 sparteae
680 1406 787 1442 totus
838 1403 996 1442 innixus
1046 1404 1247 1443 discursus
1297 1405 1446 1442 alacres
1468 1415 1518 1438 162

93 1463 252 1501 obirem.
316 1466 358 1502 at
389 1463 522 1503 subita
555 1466 684 1503 sectae
717 1463 1027 1502 commutatione
1058 1465 1181 1502 risum
1213 1466 1299 1502 toto
1332 1467 1447 1502 coetu
1469 1459 1516 1494 12

93 1535 392 1562 commoueram.

179 1582 343 1633 Iamque
381 1583 555 1621 maxima
593 1583 673 1622 diei
709 1584 823 1632 parte
861 1579 1079 1636 transacta
1117 1583 1314 1622 defectum
1348 1584 1443 1622 alio·
1466 1592 1498 1618 25

92 1643 189 1692 quin
220 1655 294 1691 me⁷
325 1643 451 1681 helcio
485 1644 642 1692 sparteo
675 1643 837 1692 dimoto,
868 1656 970 1681 nexu
1002 1643 1208 1682 machinae
1234 1643 1445 1681 liberatum

92 1701 296 1751 adplicant
332 1703 551 1752 praesepio.
615 1704 658 1741 at
696 1715 780 1753 ego,
815 1715 1044 1752 quanquam
1077 1704 1217 1741 eximie
1248 1703 1445 1753 fatigatus

92 1764 131 1799 et
161 1762 374 1800 refectione
406 1762 554 1800 uirium
585 1763 839 1800 uehementer
869 1762 1056 1812 indiguus
1088 1765 1128 1801 et
1153 1775 1313 1812 prorsus
1340 1763 1444 1800 same

89 1821 285 1871 perditus,
328 1824 462 1859 tamen
512 1822 703 1860 familiari
749 1823 980 1860 curiositate
1026 1823 1222 1860 attonitus
1264 1824 1304 1859 et
1347 1823 1444 1860 satis

90 1880 242 1930 anxius,
284 1883 506 1930 postposito
552 1881 657 1930 cibo,
703 1882 771 1930 qui
813 1883 996 1931 copiosus
1029 1881 1177 1931 aderat,
1209 1881 1444 1932 inoptabilis
1464 1890 1498 1915 ³0

184 2017 211 2051 F
233 2021 334 2072 166⁸..
356 2032 383 2063 φ
404 2022 475 2053 58“.
592 2026 608 2052 1
640 2018 772 2053 scilic&
798 2020 854 2064 (φ)
881 2019 1011 2054 indum.
1039 2021 1086 2054 al.
1114 2031 1158 2054 m.
1276 2026 1312 2053 10
1342 2021 1444 2064 tyro—

89 2089 186 2124 cinio
236 2103 280 2133 φε
307 2073 435 2124 tbro—
544 2097 581 2124 13
608 2089 706 2124 enim
734 2091 779 2134 cf.
799 2092 936 2133 221,20
1046 2097 1083 2124 15
1114 2089 1243 2136 legatfi
1271 2091 1325 2135 (φ)
1345 2094 1373 2096 “
1393 2092 1442 2125 αῖ.

87 2149 132 2172 m.
154 2136 239 2171 add.
260 2137 457 2180 cf.208,22
506 2137 720 2182 delegatum
750 2138 797 2174 vd
806 2138 857 2173 Vl
954 2145 990 2171 16
1017 2137 1144 2173 cibatu
1194 2152 1239 2183 φ;
1267 2138 1395 2172 cibatu

88 2191 122 2218 17
150 2184 296 2219 baculis
324 2184 360 2230 (b
387 2196 476 2220 corr.
503 2196 548 2220 εει*
571 2187 610 2230 u)
707 2192 747 2219 20
780 2187 946 2220 conserto
976 2185 1060 2221 Oud
1156 2192 1194 2220 23
1226 2186 1311 2233 cetu
1337 2187 1415 2238 (qa).

1407 2240 1417 2257 1

89 2263 126 2289 26
151 2255 297 2290 helcio*
324 2267 416 2293 eras„
442 2256 461 2289 s
547 2255 714 2292 dim0to*
741 2258 845 2301 (eras.
874 2257 906 2301 s)
957 2269 1001 2302 φ;
1030 2256 1192 2292 dimotos
1290 2263 1326 2290 27
1355 2266 1441 2290 exu-

88 2303 161 2350 mie
185 2314 247 2338 em.
276 2304 354 2337 ead.
382 2315 427 2338 m.
478 2318 522 2347 φε
550 2303 683 2338 eximie

1158 2363 1225 2396 14·
