1657 2526
260 87 436 122 APVLEI
460 86 931 122 METAMORPHOSEON
957 87 1044 123 LIB.
1067 86 1125 133 VI,
1154 91 1209 123 22.
1237 90 1280 122 23
1359 87 1441 129 145

24 160 94 188 Oua.

20 625 72 650 424

18 1400 70 1425 425

181 201 338 239 Interea
377 198 528 250 Cupido
568 213 700 239 amore
738 202 860 239 nimio
899 213 1058 250 peresus
1098 202 1137 238 et
1175 213 1295 250 aegra
1332 202 1444 248 facie,

91 261 230 298 matris
257 273 349 298 suae
369 261 618 310 repentinam
643 260 897 298 sobrietatem
916 261 1209 309 pertimescens,
1237 260 1285 297 ad
1313 261 1444 297 armil-

92 319 174 357 lum
200 320 303 358 redit
334 320 485 368 alisque
512 320 735 369 pernicibus
763 321 863 358 caeli
894 322 1101 369 penetrato
1128 320 1276 357 uertice
1302 332 1445 370 magno

91 379 182 417 Ioui
228 379 426 428 supplicat
470 392 661 428 suamque
703 392 863 418 causam
908 379 1061 429 probat.
1129 381 1222 416 tunc
1265 379 1447 428 Iuppiter

91 439 284 488 prehensa
317 438 524 487 Cupidinis
562 439 727 476 buccula
763 452 961 488 manuque
999 439 1049 476 ad
1088 451 1130 476 os
1169 451 1282 475 suum
1320 439 1446 476 relata

92 500 297 536 consauiat
329 500 448 547 atque
486 498 541 536 sic
579 499 629 536 ad
661 498 792 536 illum:
824 495 942 536 “licet
972 493 1051 547 tu’⁷,
1084 499 1232 546 inquit,
1264 495 1446 536 “domine

91 557 167 605 fili,
217 570 434 606 numquam
484 559 582 595 mihi
632 571 816 596 concessu
861 558 976 595 deum
1027 558 1226 595 decretum
1276 559 1446 596 seruaris

92 617 292 666 honorem,
325 618 392 655 sed
423 618 531 655 istud
562 620 698 666 pectus
731 631 878 666 meum,
912 630 988 666 quo
1022 618 1127 667 leges
1161 617 1446 655 elementorum

91 678 131 714 et
162 678 267 715 uices
300 677 473 714 siderum
506 677 785 726 disponuntur,
828 678 1125 716 conuulneraris
1158 677 1325 714 assiduis
1359 678 1447 714 icti-

90 736 162 774 bus
195 737 417 785 crebrisque
450 738 627 774 terrenae
653 737 830 775 libidinis
862 737 1085 781 foedaueris
1112 736 1265 774 casibus
1293 738 1445 774 contra-

92 809 167 845 que
199 796 305 846 leges
345 799 384 833 et
420 797 549 844 ipsam
581 796 725 834 Iuliam
764 797 1093 845 disciplinamque
1131 796 1333 845 publicam
1363 798 1446 834 tur-

90 855 205 904 pibus
238 855 444 893 adulteriis
483 857 817 894 existimationem
855 857 1081 906 famamque
1119 868 1248 893 meam
1286 856 1446 894 laeseris

90 916 128 952 in
163 917 376 964 serpentes,
407 916 447 952 in
474 917 596 966 ignes,
628 916 668 953 in
701 916 817 964 feras,
848 917 889 953 in
922 929 1015 954 aues
1049 918 1087 954 et
1113 915 1293 966 gregalia
1323 928 1447 964 pecua

91 987 247 1013 serenos
279 975 415 1012 uultus
442 988 549 1014 meos
575 975 731 1013 sordide
763 976 1026 1023 reformando,
1057 974 1060 1024 1
1090 976 1131 1013 at
1156 978 1290 1013 tamen
1316 976 1445 1013 mode—

91 1035 189 1072 stiae
221 1047 331 1072 meae
362 1047 514 1072 mernor
551 1035 734 1084 quodque
772 1038 878 1073 inter
914 1037 1010 1073 istas
1049 1048 1157 1073 meas
1194 1047 1334 1072 manus
1368 1047 1445 1073 cre-

89 1095 211 1141 ueris,
249 1097 390 1132 cuncta
427 1094 647 1143 perficiam,
693 1095 784 1132 dum
824 1097 956 1133 tamen
995 1096 1095 1133 scias
1138 1095 1314 1133 aemulos
1354 1097 1446 1133 tuos

90 1166 230 1192 cauere
264 1167 320 1202 ac,
355 1155 389 1191 si
421 1167 499 1203 qua
531 1168 634 1192 nunc
665 1156 706 1191 in
738 1156 855 1192 terris
886 1155 1021 1203 puella
1053 1154 1275 1204 praepollet
1301 1155 1445 1204 pulcri—

89 1213 238 1261 tudine,
270 1214 490 1262 praesentis
522 1214 702 1252 beneficii
734 1216 861 1252 uicem
894 1227 964 1263 per
990 1227 1075 1252 eam
1108 1214 1207 1252 mihi
1238 1227 1446 1263 repensare

89 1275 128 1310 te
160 1268 336 1311 debere„

179 1332 243 1370 Sic
274 1333 381 1371 fatus
419 1333 529 1371 iubet
559 1333 797 1372 Mercurium
830 1333 921 1372 deos
961 1346 1093 1372 omnes
1133 1334 1183 1372 ad
1220 1335 1445 1372 contionem

90 1394 270 1441 protinus
298 1405 512 1431 conuocare
540 1405 596 1442 ac,
623 1395 657 1431 si
683 1393 751 1442 qui
777 1396 891 1431 coetu
921 1393 1152 1431 caelestium
1178 1393 1377 1442 defuisset,
1404 1395 1444 1431 in

89 1464 257 1501 poenam
295 1453 429 1491 decem
468 1453 623 1490 milium
662 1467 865 1490 nummum
908 1456 1148 1491 conuentum
1187 1454 1237 1490 iri
1274 1467 1447 1503 pronun-

89 1513 200 1550 tiare.
277 1525 353 1561 quo
397 1515 505 1550 metu
550 1514 689 1551 statim
732 1514 926 1562 completo
971 1513 1131 1551 caelesti
1174 1514 1330 1551 theatro
1374 1526 1446 1562 pro

89 1571 180 1610 sede
212 1571 373 1610 sublimi
406 1572 543 1610 sedens
576 1585 762 1621 procerus
792 1573 976 1621 Iuppiter
1008 1574 1063 1611 sic
1096 1574 1296 1611 enuntiat:

178 1628 276 1669 “Dei
296 1632 509 1681 conscripti
528 1632 732 1670 Musarum
758 1632 858 1680 albo,
884 1632 1172 1670 adolescentem
1197 1634 1321 1670 istum
1342 1633 1447 1682 quod

89 1691 271 1728 manibus
303 1693 401 1729 meis
429 1692 656 1730 alumnatus
683 1692 768 1741 sim,
801 1693 977 1741 profecto
1005 1694 1114 1730 scitis
1142 1705 1287 1730 omnes.
1334 1693 1446 1730 cuius

88 1752 240 1799 primae
271 1750 503 1803 iuuentutis
537 1752 732 1790 caloratos
764 1752 935 1801 impetus
968 1753 1079 1789 freno
1107 1752 1280 1801 quodam
1313 1752 1446 1790 coher-

90 1810 230 1848 cendos
257 1811 502 1860 existimaui,
535 1813 597 1849 sat
629 1813 688 1849 est
715 1811 925 1850 cotidianis
958 1825 1047 1849 eum
1079 1812 1224 1850 fabulis
1258 1811 1306 1849 ob
1333 1811 1445 1849 adul-

184 1972 211 2005 F
235 1972 330 2007 1521).
371 1987 398 2017 φ
419 1976 490 2008 47¹².
656 1978 675 2007 2
709 1973 859 2008 armillfi
892 1975 952 2018 (al.
979 1986 1024 2009 m.
1051 1973 1105 2007 llu
1136 1978 1224 2008 mut.
1252 1974 1292 2007 in
1318 1972 1373 2016 le;
1406 1974 1447 2008 in

89 2030 155 2065 my.
180 2032 237 2064 pr.
265 2032 309 2055 m.
338 2021 482 2066 armile)
539 2035 583 2064 φ;
611 2021 740 2055 armile
767 2022 812 2064 cf.
833 2024 969 2064 224,23
995 2022 1115 2056 Lucil.
1142 2032 1208 2056 ree.
1238 2022 1355 2056 Mara:
1375 2024 1446 2056 767

89 2068 137 2101 II
149 2078 186 2110 p.
201 2070 275 2103 272
372 2073 391 2103 6
418 2068 561 2103 Esauiat
585 2081 610 2102 u
629 2074 716 2104 mut.
739 2070 779 2103 in
799 2070 822 2103 b
844 2071 891 2104 al.
913 2081 957 2104 m.
1058 2073 1101 2103 13
1128 2069 1167 2102 in
1193 2069 1331 2103 imbres
1346 2069 1447 2103 Jahn

89 2114 127 2148 in
148 2126 281 2159 cycnos
308 2116 347 2149 in
372 2116 468 2151 feras
489 2116 669 2151 immanes
692 2118 816 2152 Rohde
851 2117 896 2159 cf.
916 2117 976 2152 Ov.
991 2122 1068 2152 met.
1093 2117 1150 2151 VI
1160 2119 1248 2159 113;
1271 2117 1447 2162 I‘I'eymcm

89 2163 148 2206 eft.
172 2163 423 2198 Ps.-Clement.
450 2175 588 2209 recoyn.
610 2167 647 2198 X
662 2167 712 2199 22
737 2166 788 2209 (p.
809 2168 883 2200 :232
898 2165 1111 2210 Ge⁴›·sdorf').·
1144 2164 1326 2199 Semelem
1353 2163 1445 2198 Cad-

89 2209 203 2244 miam
222 2212 389 2245 mutatus
410 2212 449 2245 in
469 2212 594 2257 ignem
614 2212 841 2257 (stuprauit),
854 2213 981 2247 Dietze
990 2213 1122 2247 Achill.
1135 2213 1167 2246 T
1167 2217 1215 2247 at.
1232 2213 1281 2246 II
1291 2215 1374 2255 37,4

140 2259 242 2304 14s15
270 2258 465 2294 molestiae
492 2281 535 2284 —
562 2260 757 2294 immemor
783 2261 892 2295 Nolte
989 2264 1032 2293 25
1060 2259 1145 2294 aluo
1173 2262 1229 2304 (φ)
1328 2263 1372 2293 26
1398 2259 1445 2293 sit

89 2316 133 2340 ex
157 2305 189 2340 si
217 2317 304 2342 corr.
334 2307 381 2341 al.
407 2319 451 2342 m.
479 2319 570 2342 eras.
590 2311 604 2317 ”
621 2312 653 2341 et
679 2308 792 2343 addit.
821 2309 856 2350 t,·
882 2309 1000 2342 nescio
1027 2320 1076 2342 an.
1101 2308 1215 2351 fuerit
1240 2307 1289 2341 110
1316 2311 1382 2341 aut
1406 2307 1446 2340 su

89 2354 262 2388 emendat.
278 2355 318 2388 in
332 2354 368 2389 si
421 2368 465 2398 φτ
486 2355 554 2388 sim
573 2356 758 2398 cf.190,14
845 2360 888 2389 26
910 2355 1050 2389 fabulis
1066 2355 1102 2399 gb
1123 2367 1166 2390 επ
1184 2367 1208 2388 11
1229 2366 1318 2389 corr.
1328 2356 1375 2390 al.
1385 2356 1444 2398 m.)

161 2420 271 2451 Apulei
292 2423 358 2446 met.
379 2421 424 2445 ed.
445 2422 559 2446 Helm.
1188 2418 1229 2448 10

1459 161 1484 185 E

1465 200 1514 235 22

1485 452 1500 477 5

1468 749 1501 775 10

1468 1047 1500 1073 15

1466 1333 1516 1368 23

1466 1407 1500 1432 21

1467 1522 1514 1546 111

1467 1646 1499 1671 25
