1657 2526
291 94 472 130 APVLEI
498 94 978 131 METAMORPHOSEON
1004 96 1094 131 Llss.
1114 96 1177 140 XI,
1205 101 1260 131 25.
1289 100 1333 131 26
1410 97 1495 139 287

45 168 300 254 vad-numina,
347 208 530 245 seruiunt
573 207 784 245 elementa.
860 210 930 244 tuo
975 210 1075 246 nutu
1122 209 1280 257 spirant
1322 208 1497 257 flamina,

117 267 303 304 nutriunt
353 266 511 312 nubila,
562 266 795 315 germinant
846 267 1016 313 semina,
1066 272 1250 305 crescunt
1306 268 1496 317 germina..

44 333 99 359 ΔΓΜ
118 327 231 364 tuem
264 327 519 363 maiestatem
552 325 865 373 perhorrescunt
897 338 990 364 aues
1024 325 1136 363 caelo
1168 328 1359 374 meantes,
1391 326 1497 364 ferae

1521 170 1546 195 13·

41 1283 95 1309 809

42 1640 95 1665 61⁰

116 385 322 423 montibus
354 387 552 431 errantes,
597 387 801 433 serpentes
840 384 925 422 solo
968 385 1158 432 latentes,
1203 386 1339 423 beluae
1373 387 1496 435 ponto

118 447 314 482 natantes.
380 447 422 481 at
460 456 534 493 ego
573 443 794 482 referendis
831 443 1021 483 laudibus
1059 444 1141 482 tuis
1180 444 1295 483 exilis
1333 445 1497 494 ingenio
1537 460 1552 484 r·

116 505 156 541 et
189 502 425 541 adhibendis
459 502 666 541 sacrificiis
698 503 832 541 tenuis
864 503 1129 552 patrimonio3
1163 515 1236 542 nec
1260 503 1362 541 mihi
1387 504 1498 542 uocis

116 562 280 601 ubertas
315 562 362 599 ad
398 562 579 609 dicenda,
614 574 717 612 quae
750 561 798 600 de
830 563 902 600 tua
932 562 1145 600 maiestate
1175 562 1317 610 sentio,
1350 562 1500 601 sufficit

118 634 190 660 nec
229 634 300 660 ora
337 621 448 659 mille
486 621 732 672 linguaeque
770 621 940 660 totidem
978 621 1043 659 uel
1082 620 1273 660 indefessi
1303 622 1498 660 sermonis

118 683 282 719 aeterna
315 682 448 719 series.
495 693 589 731 ergo
622 680 730 730 quod
764 681 894 719 solum
920 682 1057 730 potest
1082 680 1296 732 religiosus
1324 680 1499 731 quidem,

114 740 183 780 sed
217 753 371 791 pauper
404 740 603 788 alioquin,
636 740 792 779 efficere
827 741 992 778 curabo:
1044 740 1203 779 diuinos
1236 742 1327 778 tuos
1361 740 1498 779 uultus
1519 756 1553 781 ιο

114 812 342 848 numenque
375 800 674 838 sanctissimum
714 799 821 837 intra
855 801 1028 849 pectoris
1066 800 1146 838 mei
1177 801 1332 838 secreta
1364 799 1498 838 condi-

114 862 201 898 tum
236 862 430 908 perpetuo
464 859 693 898 custodiens
726 855 1008 910 imaginabor.'

206 918 269 957 Ad
321 919 445 957 istum
496 918 659 956 modum
711 918 926 967 deprecato
978 930 1133 957 summo
1183 919 1347 956 numine
1393 930 1497 956 com-

115 978 256 1028 plexus
288 977 482 1016 Mithram
514 977 764 1016 sacerdotem
797 979 839 1016 et
869 991 1002 1016 meum
1032 977 1114 1016 iam
1140 980 1350 1026 parentem
1376 978 1497 1017 collo-

116 1050 193 1087 que
244 1038 330 1075 eius
380 1037 519 1076 multis
570 1037 718 1075 osculis
763 1037 976 1075 inhaerens
1020 1037 1180 1075 ueniam
1228 1036 1496 1087 postulabam,
1520 1050 1552 1077 15

116 1096 224 1146 quod
255 1091 411 1148 [djleum
441 1096 638 1146 condigne
665 1096 791 1135 tantis
818 1095 1020 1134 beneficiis
1046 1097 1252 1135 munerari
1277 1097 1496 1145 nequirem.

115 1156 185 1194 diu
216 1155 389 1205 denique
422 1158 648 1207 gratiarum
690 1156 959 1208 gerendarum
991 1168 1172 1194 sermone
1202 1155 1360 1206 prolixo
1392 1168 1498 1194 com·
1520 1155 1569 1192 26

114 1218 314 1261 moratus,
359 1215 521 1254 tandem
562 1215 767 1265 digredior
804 1218 846 1253 et
881 1217 992 1254 recta-
1023 1215 1204 1264 patrium
1235 1215 1362 1253 larem
1393 1216 1499 1253 reui-
1517 1224 1572 1249 222

116 1287 234 1313 surus
271 1287 405 1313 meum
450 1278 543 1324 post
582 1275 764 1324 aliquam
807 1275 981 1313 multum
1019 1271 1268 1325 te<m>poris
1301 1274 1497 1312 contendo

113 1335 334 1385 paucisque
366 1339 458 1384 post
490 1334 632 1372 diebus
665 1334 763 1373 deae
795 1335 974 1383 potentis
1006 1335 1203 1373 instinctu
1228 1334 1379 1383 raptim
1405 1345 1496 1372 con·
1518 1348 1553 1373 ρο

114 1393 267 1432 strictis
287 1394 513 1440 sarcinulis,
533 1406 637 1432 naue
663 1406 892 1440 conscensa,
918 1393 1089 1432 Romam
1118 1406 1257 1432 uersus
1283 1394 1498 1442 profectio‘

113 1467 206 1491 nem
251 1454 383 1504 dirigo
420 1450 434 1504 ΙΙ
471 1456 665 1503 tutusque
709 1455 979 1503 prosperitate
1025 1455 1237 1491 uentorum
1282 1454 1497 1490 ferentium

114 1513 289 1563 Augusti
322 1515 485 1563 portum
521 1512 727 1551 celerrime
760 1510 1006 1563 <peruen1i0>
1040 1525 1085 1551 ac
1124 1512 1268 1551 dehinc
1306 1515 1497 1562 carpento

115 1572 328 1622 peruolaui
382 1584 650 1621 uesperaque,
703 1585 825 1621 quam
877 1571 961 1610 dies
1012 1572 1303 1622 insequebatur
1351 1571 1494 1610 Iduum

115 1630 416 1678 Decembrium,
460 1633 759 1670 sacrosanctam
797 1633 917 1669 istam
958 1631 1167 1670 ciuitatem
1207 1631 1361 1670 accedo.
1424 1643 1496 1669 nec
1518 1644 1551 1669 25

112 1691 241 1729 ullum
280 1694 365 1730 tam
402 1690 665 1740 praecipuum
704 1691 805 1729 mihi
843 1690 983 1729 exinde
1025 1691 1203 1729 studium
1250 1691 1330 1728 fuit
1375 1703 1495 1740 quani

114 1750 262 1789 cotidie
295 1751 523 1801 supplicare
557 1763 712 1789 summo
751 1750 907 1788 numini
939 1744 1115 1803 reginaie
1148 1750 1279 1798 Isidis,
1312 1761 1414 1799 quae
1448 1750 1495 1787 de

113 1810 259 1858 templi
291 1811 373 1848 situ
403 1814 566 1861 sumpto
598 1811 760 1848 nornine
794 1809 1031 1859 Campensis
1065 1822 1221 1849 summa
1253 1822 1342 1848 cum
1376 1822 1495 1847 uene—

112 1871 270 1907 ratione
316 1869 574 1919 propitiatur.
638 1882 748 1907 eram
787 1870 919 1908 cultor
956 1869 1129 1919 denique
1167 1869 1371 1919 adsiduus,
1409 1870 1496 1907 fani

117 1929 278 1978 quidem
313 1928 484 1976 aduena,
516 1929 726 1980 religionis
759 1931 895 1967 autem
927 1928 1130 1979 indigena.
1514 1942 1550 1967 30

209 2006 239 2041 F
263 2009 358 2041 183⁸.
380 2019 408 2049 φ
432 2007 577 2041 72b73·.
680 2012 700 2040 ‘2
722 2007 897 2041 nutriunt
917 2007 974 2052 (φ)
1002 2006 1180 2051 mugiunt
1207 2007 1348 2042 Wmoer
1373 2007 1494 2042 nutri-

113 2056 229 2088 untur
257 2052 340 2088 Oud
440 2059 462 2088 4
490 2054 600 2100 belue
627 2056 684 2098 (tp)
715 2055 736 2088 b
763 2066 808 2088 em
833 2066 858 2089 u
885 2055 934 2089 al.
954 2066 1000 2091 m.
1024 2060 1067 2090 ut
1091 2055 1163 2090 vid.
1185 2065 1277 2090 corr.
1378 2058 1400 2088 8
1426 2065 1495 2088 nec

114 2124 391 2171 (sufficerent)
422 2125 466 2161 vd
476 2126 522 2160 Vl
620 2128 641 2159 8
664 2136 754 2160 *ora
775 2137 867 2161 eram.
889 2125 913 2160 h
965 2139 1010 2170 (pt
1033 2136 1099 2161 ora
1200 2129 1244 2160 14
1271 2103 1399 2169 cdloq;
1426 2136 1490 2160 em.

112 2172 193 2208 ead.
214 2185 259 2207 m.
363 2176 407 2208 16
435 2172 487 2217 qd
507 2173 571 2208 dm
621 2186 667 2216 qv:
696 2186 722 2217 q
749 2173 812 2208 dm
833 2185 898 2208 em.
920 2173 997 2208 ΑΜ
1048 2172 1151 2218 quod
1172 2173 1283 2208 deam
1304 2171 1432 2209 Rohde

115 2223 158 2255 18
185 2220 366 2265 patriam,
392 2221 500 2256 2³(le
624 2224 666 2255 19
696 2220 841 2265 teporis
861 2233 926 2256 em.
954 2234 982 2264 φ
1109 2225 1152 2255 23
1182 2220 1422 2267 <peruenio>
1449 2231 1493 2254 ac

113 2268 242 2304 Rohde
278 2268 421 2315 (cepi)
450 2267 647 2304 Brakman
807 2268 868 2314 ac]
895 2269 1029 2303 nactus
1059 2268 1144 2304 oud
1181 2271 1315 2304 nactus
1340 2267 1492 2302 Latium

111 2314 188 2351 Leo
288 2315 501 2361 (campos)
528 2317 710 2361 carpento
731 2316 868 2351 Koziol
965 2319 1008 2349 27
1036 2315 1169 2361 regina.
1197 2316 1230 2351 ei
1255 2314 1348 2350 fidis
1369 2316 1426 2360 (φ)

112 2366 157 2397 28
184 2362 356 2407 copenfis
376 2365 434 2408 (φ)
466 2374 530 2399 em.
556 2376 578 2399 v
