1611 2516
150 74 202 116 78
327 74 503 109 APVLEI
528 74 992 124 METAMORPHOSEON
1018 75 1202 119 LIB.11H,
1229 80 1260 111 5.
1289 80 1307 110 6
1514 79 1540 104 Ε

78 148 146 173 Οαά.

148 187 320 225 stimulis
363 200 407 225 ac
454 199 501 224 ne
548 187 674 225 cauda
720 189 758 225 et
802 188 963 226 auribus
1014 188 1268 237 cruribusque
1319 189 1494 238 undique

75 255 128 279 24⁶·
147 259 306 284 uersum
362 247 527 285 eleuatis
583 248 797 296 temptauit
855 260 1079 298 exsurgere,
1142 247 1273 297 quoad
1333 249 1493 286 tandem

146 307 354 354 postumae
411 307 495 355 spei
556 307 719 356 fatigati
774 319 981 357 secumque
1039 307 1252 355 conlocuti,
1307 320 1354 345 ne
1410 310 1493 346 tam

148 365 214 402 diu
258 367 425 414 mortuo,
467 367 586 403 immo
629 379 722 404 uero
761 366 918 415 lapideo
958 366 1066 405 asino
1106 367 1319 405 seruientes
1357 368 1492 418 fugam

112 433 127 457 5
147 426 407 473 morarentur,
440 425 603 463 sarcinis
629 425 711 463 eius
737 425 835 463 mihi
861 438 1039 475 equoque
1065 425 1286 464 distributis
1313 426 1491 464 districto

146 483 280 533 gladio
321 484 490 533 poplites
533 486 616 522 eius
656 487 758 523 totos
801 487 1010 534 amputant
1052 498 1095 523 ac
1134 485 1339 534 paululum
1371 498 1394 523 a
1425 485 1492 524 uia

146 545 362 581 retractum
401 556 471 593 per
508 544 744 582 altissimum
784 557 969 593 praeceps
1006 546 1047 582 in
1088 545 1234 583 uallem
1272 547 1493 594 proximam

147 604 267 640 etiam
300 615 403 640 nunc
436 604 653 653 spirantem
683 605 959 653 praecipitant.
1010 606 1102 642 tunc
1136 617 1206 654 ego
1233 605 1364 642 miseri
1390 617 1492 643 com-

146 662 338 700 militonis
382 663 582 701 fortunam
627 663 804 713 cogitans
846 664 972 701 statui
1007 663 1087 701 iam
1125 663 1226 701 dolis
1259 663 1422 702 abiectis
1454 666 1493 701 et

95 730 126 754 10
146 721 352 761 fraudibus
386 722 539 760 asinum
571 736 633 760 me
665 723 789 761 bonae
821 723 928 773 frugi
960 723 1127 761 dominis
1160 723 1351 761 exhibere.
1401 735 1493 761 nam

146 782 186 818 et
217 793 348 821 secum
383 794 446 820 eos
480 782 836 820 animaduerteram
873 782 1162 832 conloquentes,
1196 782 1299 831 quod
1330 782 1370 820 in
1402 795 1492 832 pro-

146 841 250 879 ximo
278 841 390 879 nobis
417 844 519 880 esset
544 841 724 879 habenda
743 841 895 879 mansio
923 844 962 879 et
986 843 1111 880 totius
1138 842 1229 879 uiae
1249 841 1337 880 finis
1358 842 1494 891 quieta

147 913 361 950 eorumque
395 903 497 939 esset
529 901 637 939 sedes
669 901 740 938 illa
772 904 811 939 et
841 901 1048 940 habitatio.
1111 901 1294 939 clementi
1325 901 1493 950 denique

145 961 375 999 transmisso
414 961 560 999 cliuulo
599 960 848 1009 peruenimus
887 961 937 998 ad
974 961 1103 999 locum
1136 960 1393 1010 destinatum,
1425 960 1493 999 ubi

93 1028 125 1052 15
146 1019 259 1058 rebus
303 1021 400 1058 totis
444 1021 631 1059 exsolutis
675 1022 793 1070 atque
837 1020 943 1058 intus
988 1020 1154 1059 conditis
1198 1021 1278 1057 iam
1322 1020 1492 1070 pondere

145 1079 336 1118 liberatus
368 1080 643 1119 lassitudinem
677 1080 760 1118 uice
786 1080 939 1117 lauacri
965 1076 1218 1131 puluer<e>is
1244 1080 1493 1117 uolutatibus

146 1138 383 1188 digerebam.

86 1193 182 1232 6247
243 1199 319 1237 Res
364 1212 409 1237 ac
453 1200 609 1248 tempus
652 1200 782 1248 ipsum
826 1199 1000 1237 locorum
1045 1199 1330 1248 speluncaeque
1374 1199 1492 1246 illius,

145 1254 317 1309 (quam)
355 1259 529 1297 latrones
568 1255 919 1309 inhabita<ba>nt,
960 1258 1264 1308 descriptionem
1302 1271 1492 1307 exponere

93 1328 126 1352 ρο
145 1317 312 1367 flagitat.
375 1331 466 1357 nam
509 1319 548 1356 et
590 1331 720 1356 meum
759 1318 877 1355 simul
914 1318 1168 1367 periclitabor
1203 1317 1415 1368 ingenium,
1454 1319 1493 1355 et

145 1378 237 1415 faxo
270 1390 342 1416 uos
376 1391 542 1428 quoque,
575 1390 624 1415 an
656 1380 786 1415 mente
813 1379 933 1415 etiam
959 1389 1152 1426 sensuque
1178 1378 1318 1415 fuerim
1346 1377 1492 1425 asinus,

146 1437 280 1474 sedulo
324 1438 515 1476 sentiatis.
572 1450 683 1475 mons
716 1437 897 1475 horridus
929 1437 1255 1486 siluestribusque
1287 1436 1492 1475 frondibus

145 1496 356 1535 umbrosus
390 1499 429 1535 et
459 1497 500 1534 in
531 1496 670 1545 primis
703 1497 805 1534 altus
838 1496 924 1534 fuit.
986 1497 1102 1535 huius
1134 1510 1204 1545 per
1236 1497 1397 1545 obliqua
1429 1496 1492 1534 de-

146 1568 254 1604 uexa,
294 1569 372 1606 qua
411 1556 515 1595 saxis
554 1557 779 1605 asperrimis
817 1558 856 1594 et
898 1556 945 1594 ob
986 1556 1027 1594 id
1064 1556 1271 1594 inaccessis
1310 1555 1491 1606 cingitur,

92 1626 124 1651 25
145 1616 345 1654 conualles
386 1617 595 1655 lacunosae
636 1628 835 1664 canaeque
873 1617 1039 1653 nimium
1076 1612 1242 1665 spinetis
1281 1617 1492 1665 aggeratae

145 1676 184 1713 et
216 1688 375 1725 quaqua
407 1688 542 1714 uersus
575 1675 769 1725 repositae
807 1675 1030 1713 naturalem
1060 1675 1227 1713 tutelam
1261 1674 1491 1724 praebentes

144 1734 381 1773 ambiebant.
457 1735 503 1773 de
548 1747 700 1772 summo
750 1735 897 1772 uertice
941 1736 1028 1772 fons
1075 1734 1221 1772 afluens
1271 1734 1389 1772 bullis
1433 1735 1490 1771 in-

240 1813 266 1846 F
289 1816 382 1848 139¹.
405 1827 432 1858 φ
453 1816 523 1847 36⁸.
598 1820 614 1846 1
636 1813 876 1860 (mulcatus)
899 1823 942 1847 ac
957 1813 1030 1848 Leo
1049 1813 1110 1847 sed
1130 1814 1174 1855 cf.
1196 1813 1344 1847 ablativ.
1361 1814 1444 1855 73‚9

144 1861 254 1933 neres.
277 1864 360 1904 60,5
467 1868 485 1894 2
512 1872 656 1895 sursum
682 1860 850 1895 eleuatus
869 1861 974 1895 vdVl
1000 1861 1045 1903 cf.
1066 1861 1160 1904 apol.
1189 1863 1233 1895 75
1261 1862 1396 1905 (84,16)

145 1942 322 1976 exurgere
349 1943 412 1966 em.
439 1932 517 1967 ead.
545 1944 589 1967 m.
688 1939 705 1966 5
732 1931 909 1966 *sarcinis
1002 1938 1020 1965 6
1045 1931 1146 1966 totas
1167 1932 1222 1976 (φ)
1242 1943 1287 1966 m.
1310 1931 1488 1966 recentiss.

143 2002 318 2035 superser.
340 1981 418 2005 ‘⁰²³¹'
436 2003 498 2026 em.
525 2003 546 2026 v
571 1993 616 2035 cf.
645 1994 752 2033 120,9
778 1994 909 2034 172,15
931 1993 1039 2034 180,5
1059 1994 1191 2034 201‚13
1313 1997 1328 2024 7
1354 1990 1489 2038 Lpximfi

144 2040 200 2083 (φ)
226 2050 289 2073 em.
316 2051 337 2074 v
493 2045 528 2072 13
562 2038 686 2073 cleffiti
718 2040 779 2074 secl
811 2050 830 2072 c
861 2043 947 2073 mut.
975 2039 1021 2073 al.
1049 2050 1093 2073 m.
1120 2039 1158 2073 ἐν
1187 2038 1224 2081 C,
1257 2042 1298 2073 ut
1322 2039 1490 2073 videatur

144 2085 279 2120 Eleffiti
366 2101 410 2131 qa:
444 2085 576 2121 Clefiiti
720 2093 756 2119 1ss
791 2086 958 2131 pulueris
989 2088 1043 2130 (φ)
1078 2097 1140 2121 em.
1178 2087 1273 2121 Prie.
1311 2088 1356 2130 cf.
1398 2086 1487 2120 Tert.

144 2134 186 2169 de
212 2135 304 2178 pall.
337 2137 358 2168 4
503 2141 538 2167 19
576 2145 687 2178 quam
722 2145 837 2178 supra
870 2135 932 2169 lin.
967 2134 1050 2168 add.
1077 2145 1121 2168 m.
1156 2134 1339 2176 recentior,
1372 2134 1488 2168 nescio

144 2217 194 2240 an
224 2206 337 2249 fuerit
368 2206 458 2249 quid
489 2206 529 2239 in
561 2217 628 2250 my.
704 2219 748 2250 cp:
783 2206 823 2239 in
854 2217 920 2250 my.
949 2188 967 2238 d
999 2209 1073 2248 qna
1106 2205 1152 2239 al.
1179 2216 1224 2239 m.
1251 2205 1335 2239 add.
1433 2204 1488 2238 in-

144 2252 317 2287 habitant
351 2255 406 2297 (φ)
440 2264 501 2288 em.
533 2252 613 2287 Oud
816 2259 855 2286 20
887 2252 1061 2296 flagitant
1093 2264 1113 2287 v
1146 2252 1190 2295 cf.
1221 2252 1292 2287 Cic.
1324 2252 1382 2287 ad.
1411 2253 1486 2287 Att.

144 2301 287 2343 1125,2
313 2301 361 2335 ad
385 2301 473 2344 farm.
497 2301 656 2336 XJV21
683 2301 769 2335 Sall.
801 2300 876 2335 Cat.
904 2303 962 2343 5,9
988 2301 1069 2345 luy.
1092 2303 1174 2342 19,2
1281 2306 1319 2333 26
1346 2299 1487 2333 obsitae

143 2348 190 2383 vd
200 2348 248 2383 Vl
391 2354 428 2381 27
462 2347 603 2390 afluens
625 2350 765 2393 (punct.
792 2352 915 2383 utrum
947 2359 1034 2382 casu
1066 2359 1116 2382 cm
1142 2348 1291 2383 consilio
1316 2348 1402 2391 fact.
1429 2348 1486 2389 sit,
