1611 2516
148 100 204 142 50
326 97 502 132 APVLEI
528 95 995 131 METAMORPHOSEON
1021 96 1108 131 LIB.
1129 96 1172 140 Π,
1200 100 1256 132 30.
1277 101 1319 131 31

79 172 147 196 Oud.

96 752 129 777 10

79 813 129 836 166

97 1050 129 1076 15

79 1346 127 1381 31

96 1409 126 1433 21

80 1467 129 1492 167

98 1646 129 1672 25

147 212 262 249 uiuus
284 209 454 260 quidem,
475 210 542 248 sed
562 211 718 247 tantum
732 206 865 260 (non)
879 221 1017 258 sopore
1031 210 1220 258 mortuus,
1240 209 1344 258 quod
1359 209 1492 247 eodem

147 282 299 308 mecum
338 269 531 307 uocabulo
569 271 840 318 nuncupatur,
873 263 884 321 Ι]
916 268 966 306 ad
1004 281 1118 306 suum
1156 281 1297 307 nomen
1334 269 1494 319 ignarus

149 329 324 379 exsurgit
351 331 389 366 et
414 329 455 366 in
482 328 670 366 exanimis
697 327 858 366 umbrae
884 327 1045 366 modum
1070 328 1274 366 ultroneus
1301 328 1494 378 gradiens,

148 401 389 438 quamquam
420 388 569 426 foribus
602 388 775 426 cubiculi
807 387 1019 438 diligenter
1050 387 1238 436 obclusis,
1274 400 1344 437 per
1374 387 1494 437 quod-

149 448 238 486 dam
277 449 454 486 foramen
492 447 681 497 prosectis
720 459 814 485 naso
852 448 962 496 prius
1001 459 1045 485 ac
1077 459 1167 485 mox
1199 447 1359 485 auribus
1390 447 1495 484 uica-

146 509 246 545 riam
286 520 356 558 pro
393 519 454 545 me
486 507 686 545 lanienam
717 507 912 545 sustinuit.
975 509 1096 556 utque
1129 506 1311 544 fallaciae
1343 506 1497 555 reliqua

147 568 440 616 conuenissent,
490 579 618 605 ceram
668 566 709 603 in
758 566 917 604 modum
967 568 1234 616 prosectarum
1285 567 1497 605 formatam

148 626 302 664 aurium
347 626 381 663 ei
427 626 630 675 adplicant
673 626 910 664 examussim
953 638 1125 674 nasoque
1166 626 1290 675 ipsius
1329 625 1497 664 similem

148 688 390 735 comparant.
459 687 498 724 et
541 697 644 723 nunc
687 685 845 723 adsistit
887 684 1006 723 miser
1048 685 1112 723 hic
1156 685 1377 734 praemium
1419 697 1498 723 non

147 745 384 794 industriae,
417 745 484 783 sed
515 744 799 783 debilitationis
832 740 1097 783 consecutus.⁷⁷

237 805 310 843 His
366 805 480 842 dictis
537 804 771 854 perterritus
819 806 1014 854 temptare
1064 804 1229 842 formam
1280 802 1497 854 adgredior.

147 864 293 903 iniecta
325 877 445 902 manu
476 876 616 902 nasum
649 863 864 913 prehendo:
898 864 1094 913 sequitur3
1127 876 1240 901 aures
1268 861 1498 915 peritracto:

149 924 327 962 deruunt.
381 936 426 961 ac
458 923 551 961 dum
584 923 742 961 directis
776 923 911 974 digitis
944 925 983 961 et
1012 923 1175 961 detortis
1202 923 1362 960 nutibus
1387 935 1498 971 prae·

148 985 319 1021 sentium
357 983 539 1032 denotor,
577 983 670 1020 dum
709 983 813 1021 risus
853 982 1009 1030 ebullit,
1047 984 1150 1021 inter
1186 982 1304 1032 pedes
1337 983 1499 1020 circum-

150 1040 342 1081 stantium
374 1043 520 1093 frigido
546 1043 686 1081 sudore
713 1042 885 1080 defluens
913 1042 1047 1080 euado.
1098 1054 1169 1080 nec
1195 1043 1332 1091 postea
1359 1041 1499 1079 debilis

149 1116 195 1141 ac
226 1103 281 1140 sic
312 1102 501 1141 ridiculus
528 1101 621 1140 Lari
652 1115 714 1140 me
745 1102 876 1151 patrio
908 1101 1068 1140 reddere
1097 1102 1220 1150 potui,
1253 1101 1320 1140 sed
1346 1101 1500 1151 capillis

148 1162 239 1200 hinc
282 1162 372 1200 inde
416 1163 584 1200 laterum
630 1161 790 1200 deiectis
830 1161 984 1199 aurium
1022 1161 1188 1199 uulnera
1225 1160 1368 1208 celaui,
1412 1161 1501 1198 nasi

147 1235 241 1260 uero
286 1221 452 1259 dedecus
496 1221 660 1260 linteolo
705 1223 781 1259 isto
826 1222 993 1271 pressim
1032 1220 1282 1271 adglutinato
1320 1220 1501 1258 decenter

150 1278 307 1320 obtexi.'

239 1340 337 1378 Cum
375 1341 548 1390 primum
579 1340 832 1389 Thelyphron
869 1340 970 1378 hanc
1008 1339 1185 1377 fabulam
1223 1340 1373 1389 posuit,
1411 1351 1498 1377 con-

149 1403 306 1450 potores
345 1401 438 1438 uino
477 1400 627 1438 madidi
657 1412 813 1438 rursum
847 1400 1082 1437 cachinnum
1113 1401 1327 1450 integrant.
1390 1398 1499 1435 dum-

151 1473 227 1510 que
259 1460 392 1498 bibere
425 1460 543 1498 solita
576 1460 690 1498 Risui
720 1459 937 1508 postulant,
971 1460 1025 1497 sic
1058 1459 1106 1496 ad
1138 1472 1200 1496 me
1232 1458 1455 1508 Byrrhena:

240 1515 493 1567 ‘Sollemnis'‚
542 1521 692 1568 inquit,
742 1516 840 1556 ‘dies
886 1532 907 1555 a
951 1519 1089 1567 primis
1134 1518 1338 1556 cunabulis
1381 1517 1500 1555 huius

150 1579 257 1617 urbis
296 1579 477 1617 conditus
516 1580 710 1616 crastinus
747 1578 925 1627 aduenit,
964 1591 1040 1627 quo
1073 1578 1135 1616 die
1167 1577 1241 1616 soli
1272 1576 1500 1615 mortalium

151 1638 444 1677 sanctissimum
476 1637 592 1675 deum
618 1638 756 1676 Risum
787 1638 914 1676 hilaro
948 1639 1065 1687 atque
1097 1637 1274 1688 gaudiali
1304 1638 1386 1675 ritu
1411 1648 1498 1686 pro-

150 1699 349 1749 pitiamus.
411 1698 514 1735 hunc
557 1700 627 1735 tua
671 1698 896 1747 praesentia
939 1697 1051 1735 nobis
1091 1697 1233 1735 efficies
1273 1696 1499 1747 gratiorem.

246 1871 273 1904 F
297 1874 391 1905 134².
420 1884 447 1915 φ
469 1871 612 1906 31b32³.
723 1877 739 1904 1
766 1873 803 1905 et
828 1871 976 1904 tantum
1009 1871 1132 1906 Wasse
1158 1871 1221 1905 sed
1247 1873 1371 1905 tamen
1396 1871 1442 1905 vd
1453 1870 1500 1905 Vl

153 1955 178 1977 s„
206 1944 350 1976 tantum
384 1942 515 1989 (non)
552 1942 634 1977 Oud
665 1941 799 1976 tanto?
831 1942 890 1976 He
1038 1949 1056 1975 3
1089 1919 1236 1987 exsurgit
1266 1953 1328 1976 em.
1355 1942 1432 1976 ead.
1459 1945 1500 1976 ut

151 1990 223 2025 vid.
249 2002 294 2024 m.
321 1994 353 2025 et
379 2004 406 2035 φ
511 1996 528 2023 5
554 1989 757 2034 praesectis
787 1989 868 2024 Oud
967 1996 984 2022 6
1012 1989 1204 2024 suscitauit
1229 1990 1287 2033 (φ)
1313 1991 1498 2033 suscepta-

151 2038 209 2072 uit
240 2037 315 2072 Ald
342 2037 568 2072 sustentauit
601 2037 738 2072 Wower
763 2036 942 2072 sustinuit
967 2037 1026 2071 He
1052 2038 1098 2080 cf.
1125 2040 1287 2081 98,113q.
1314 2037 1421 2071 simil.
1448 2048 1500 2070 er-

151 2096 212 2121 ror
238 2087 320 2128 27‚5
345 2087 457 2128 290,7
573 2091 587 2118 7
615 2084 823 2119 euenissent
847 2086 905 2130 (φ)
930 2096 1019 2120 corr.
1046 2086 1087 2119 in
1112 2084 1307 2119 Euenirent
1332 2085 1376 2127 cf.
1405 2084 1498 2128 apol.

154 2136 199 2168 61
213 2134 350 2178 (69,23)
488 2134 764 2177 praesentarum
790 2132 895 2167 4>de
1026 2139 1044 2165 8
1070 2142 1276 2176 nasumque
1302 2132 1348 2166 vd
1359 2132 1407 2166 Vl

229 2188 247 2212 p

153 2223 186 2249 11
212 2217 332 2250 tetare
358 2227 420 2250 em.
448 2216 525 2251 ead.
552 2228 596 2250 m.
702 2215 851 2250 fortuna
877 2216 935 2260 (φ)
961 2227 1022 2250 em.
1053 2215 1186 2250 Gruter
1305 2221 1341 2248 14
1368 2213 1501 2249 ebullit

153 2264 176 2297 b
203 2275 246 2298 ex
270 2274 294 2296 u
320 2274 408 2298 corr.
436 2264 494 2308 (φ)
590 2270 625 2297 15
653 2263 818 2297 defluens
840 2264 897 2307 (φ)
922 2264 966 2306 cf.
995 2265 1076 2305 12,3
1103 2262 1275 2296 diffluens
1303 2263 1421 2297 Heius

153 2318 192 2344 20
223 2310 436 2355 theliphron
580 2318 617 2344 22
649 2311 796 2345 biberes
823 2311 857 2354 (l'
876 2311 974 2345 erad.
1000 2311 1123 2345 conati
1146 2311 1245 2354 suut)
1295 2323 1339 2353 cp:
1373 2309 1500 2344 bibere

154 2358 307 2393 bibones
338 2358 419 2393 Oud
516 2357 699 2393 solitarias
721 2359 777 2404 (φ)
802 2370 864 2393 em.
893 2358 986 2402 Lips
1081 2364 1119 2391 24
1146 2357 1319 2392 conditae
1344 2368 1365 2392 v

1512 170 1539 202 Ε

1519 1646 1554 1671 38
