1611 2516
309 76 485 110 Arvnffl
512 76 980 113 MnTAMor-zrflosnoN
1008 79 1094 113 LIB.
1117 80 1194 122 ΗΠ,
1224 85 1278 114 33
1312 86 1355 115 34
1427 82 1507 124 101

85 155 152 179 oud*
243 190 345 237 quud
377 190 508 237 pinnis
535 190 706 228 uolitans
740 203 855 238 super
888 191 1046 228 aethera
1079 196 1219 229 cuncta
1252 194 1399 242 fatigat
1536 156 1556 179 l.

330 248 566 297 fiammaque
600 250 638 286 et
670 249 772 286 ferro
806 250 964 300 singula
997 250 1191 299 debilitat,

242 307 344 355 quod
379 309 513 344 tremit
545 308 628 356 ipse
659 308 780 356 Iouis,
813 322 889 358 quo
923 311 1085 347 numina
1118 311 1387 348 terrificantur

329 366 570 415 fluminaque
602 367 835 405 horrescunt
867 371 905 406 et
939 368 1099 418 Stygiae
1131 366 1351 407 tenebrae„

81 472 132 498 312
150 474 217 498 rex
256 461 351 498 olim
390 462 527 499 beatus
567 462 688 500 affatu
729 465 887 500 sanctae
920 464 1218 502 uaticinationis
1252 469 1412 514 accepto
1446 467 1503 516 pi·
1544 480 1558 505 5

151 532 244 570 gens
276 522 481 569 tristisque
512 523 617 558 retro
651 521 807 559 domum
841 524 973 572 pergit
1004 535 1175 572 suaeque
1208 525 1367 575 coniugi
1394 538 1504 574 prae-

151 582 265 628 cepta
307 582 424 617 sortis
469 581 613 618 enodat
653 582 860 619 infaustae.
931 585 1138 628 maeretur,
1184 583 1311 631 fletur,
1356 584 1504 622 lamen-

148 641 259 676 tatur
291 639 426 677 diebus
458 640 660 688 plusculis.
724 641 791 678 sed
823 641 931 678 dirae
963 643 1080 679 sortis
1119 644 1197 679 iam
1232 646 1347 694 urget
1378 647 1505 682 taeter

151 699 320 736 effectus.
383 699 461 736 iarn
495 700 678 737 feralium
711 701 939 748 nuptiarum
965 703 1207 739 miserrimae
1240 702 1388 752 uirgini
1415 703 1503 741 cho-

148 759 304 808 ragium
337 760 515 808 struitur,
559 760 640 796 iam
673 759 813 797 taedae
853 761 985 797 lumen
1018 763 1127 797 atrae
1161 762 1342 811 fuliginis
1376 763 1503 801 cinere
1527 777 1558 802 10

78 828 130 853 313
148 819 374 865 marcescit,
420 820 460 855 et
497 831 614 856 sonus
653 810 776 856 tibiae
812 820 951 871 zygiae
994 822 1174 858 mutatur
1212 821 1252 858 in
1292 822 1504 870 querulum

148 876 265 913 Ludii
303 877 462 914 modum
504 880 721 926 cantusque
759 879 886 916 laetus
919 879 1127 927 hymenaei
1164 880 1322 930 lugubri
1368 881 1504 919 finitur

147 936 305 974 ululatu
337 939 374 973 et
408 937 542 985 puella
567 940 743 986 nuptura
769 938 948 987 deterget
974 939 1159 977 lacrimas
1178 941 1264 987 ipso
1298 953 1367 978 suo
1394 941 1502 978 fiam-

77 1005 128 1030 314
147 1008 244 1033 meo.
314 997 368 1033 sic
408 996 584 1034 adfectae
623 997 761 1035 domus
799 997 912 1035 triste
950 998 1077 1035 fatum
1117 1002 1259 1036 cuncta
1298 1000 1418 1037 etiam
1451 1002 1502 1038 ci-

147 1056 253 1092 uitas
299 1056 554 1105 congemebat
597 1056 784 1104 luctuque
824 1057 982 1106 publico
1016 1059 1221 1096 confestim
1247 1055 1260 1109 Η
1286 1071 1502 1110 congruens
1527 1074 1556 1098 15

149 1114 315 1152 edicitur
346 1116 555 1153 iustitium.

238 1173 312 1211 Sed
358 1174 518 1212 monitis
566 1175 798 1213 caelestibus
844 1176 1010 1224 parendi
1053 1179 1266 1215 necessitas
1308 1179 1502 1216 misellam
1524 1178 1574 1214 34

146 1232 323 1282 Psychen
375 1234 423 1271 ad
474 1234 714 1272 destinatam
758 1248 925 1284 poenam
976 1236 1235 1286 efflagitabat.
1317 1239 1502 1286 perfectis

146 1293 270 1342 igitur
314 1294 447 1331 feralis
491 1294 660 1331 thalami
698 1307 787 1331 cum
829 1307 979 1332 summo
1027 1309 1204 1333 maerore
1245 1297 1501 1336 sollemnibus

146 1354 230 1390 toto
262 1355 522 1402 prosequente
555 1354 704 1402 populo
737 1354 874 1391 uiuum
900 1354 1132 1403 producitur
1163 1357 1282 1393 funus
1316 1359 1354 1394 et
1386 1357 1500 1395 lacri-
1523 1372 1556 1396 ρο

146 1424 255 1449 mosa
299 1406 462 1462 Psylche
495 1415 708 1450 comitatur
745 1426 822 1451 non
861 1416 1032 1462 nuptias,
1078 1415 1144 1452 sed
1184 1417 1366 1464 exequias
1400 1429 1500 1454 suas.

147 1483 192 1509 ac
230 1471 323 1509 dum
363 1472 503 1508 maesti
542 1474 722 1520 parentes
762 1476 800 1510 et
838 1475 950 1511 tanto
989 1475 1093 1512 malo
1133 1475 1272 1523 perciti
1304 1476 1501 1513 nefarium

145 1531 298 1568 facinus
331 1531 515 1580 perficere
548 1534 793 1579 cunctantur,
826 1534 913 1581 ipsa
945 1533 1015 1570 illa
1047 1533 1131 1571 filia
1162 1535 1310 1571 talibus
1343 1547 1407 1573 eos
1435 1535 1500 1572 ad-

145 1587 382 1641 <h>0rtatur
413 1591 594 1630 uocibus:

233 1646 361 1695 “Quid
389 1650 585 1688 infelicem
614 1654 811 1689 senectam
836 1652 931 1689 fletu
958 1651 1113 1689 diutino
1140 1652 1352 1691 cruciatis?
1403 1654 1499 1703 quid
1520 1669 1556 1694 25

146 1710 331 1758 spiritum
362 1712 553 1758 uestrum,
596 1712 665 1759 qui
695 1712 822 1761 magis
864 1724 972 1749 meus
1005 1713 1076 1759 est,
1108 1712 1254 1750 crebris
1287 1713 1500 1752 eiulatibus

241 1811 267 1844 F
291 1811 408 1846 143³b.
438 1825 465 1855 φ
486 1815 557 1846 40³.
683 1816 700 1846 1
730 1811 761 1865 Q
787 1813 939 1855 inferior
958 1825 1051 1857 pars
1079 1814 1117 1847 m
1142 1825 1213 1848 ras.
1269 1827 1313 1858 cp:
1330 1827 1352 1859 q
1400 1815 1501 1858 quod

146 1859 269 1893 Petsch
379 1863 397 1893 2
426 1858 574 1893 saecula
599 1860 720 1894 Heius
834 1864 853 1893 3
870 1860 969 1904 quod
995 1862 1051 1905 (cp)
1077 1861 1165 1905 quoi
1175 1862 1276 1896 Jahn
1302 1873 1374 1906 quo
1396 1862 1500 1908 Wey-

145 1918 232 1940 man
252 1917 361 1949 quem
388 1919 406 1940 v
498 1906 627 1940 nubila
653 1908 738 1942 Sittz
870 1912 889 1941 4
904 1907 1058 1942 fiumina
1073 1920 1182 1952 quem
1197 1909 1317 1944 Barth
1342 1909 1501 1944 fulmina

147 1965 255 1997 quem
281 1955 324 1988 L.
354 1955 511 1989 Illzceller
555 1954 718 1988 culmina
739 1967 848 1998 quem
870 1956 1010 1998 Rolzde;
1038 1958 1266 1991 enuntiatum
1290 1958 1396 1992 libere
1415 1969 1499 1992 con-

145 2001 316 2036 tinuatur
345 2006 383 2036 ut
408 2003 595 2046 suppleas:
620 2002 659 2036 id
685 2003 730 2044 cf.
754 2005 882 2041 134224
981 2003 1090 2050 stigie
1202 2008 1221 2038 5
1248 2004 1355 2049 piger
1381 2006 1434 2049 (er
1459 2006 1499 2039 iu

145 2060 217 2083 ras.
238 2050 285 2084 al.
307 2061 351 2083 m.
372 2050 511 2093 scrips.)
562 2064 606 2093 tp:
627 2050 762 2095 pigens
777 2051 838 2094 (al.
856 2062 901 2084 m.
919 2055 1002 2085 mut.
1019 2053 1059 2085 iu
1079 2051 1199 2096 piger)
1220 2053 1264 2095 ef.
1288 2055 1421 2095 107,16

196 2099 295 2142 lQsll
319 2096 440 2132 cinere
467 2097 620 2131 arcel'cit
646 2100 697 2142 (φ,
724 2099 784 2132 sed
811 2097 973 2143 arcessit)
992 2103 1082 2133 recte
1102 2099 1253 2134 distinoe.
1269 2100 1404 2134 Florid

147 2171 188 2201 11
211 2167 323 2214 gygie
375 2182 418 2212 tp:
440 2168 541 2213 gigie
567 2180 630 2203 ene.
657 2180 678 2203 v
776 2154 887 2213 qfiglfi
914 2181 975 2203 cm.
1003 2170 1081 2204 ead.
1108 2182 1153 2204 m.
1260 2174 1302 2205 12
1329 2170 1499 2206 ludumo-

146 2214 234 2248 dum
257 2220 295 2249 ut
313 2216 398 2258 vid„
417 2217 465 2250 al.
485 2228 531 2250 m.
552 2227 641 2251 corr.
663 2218 701 2250 in
729 2216 973 2251 ludifissoduni
1000 2222 1032 2251 ct
1051 2218 1180 2252 induor.
1204 2218 1315 2252 odum
1371 2232 1415 2262 φε
1443 2218 1499 2252 lu—

146 2261 309 2306 dilmodfi
360 2263 469 2296 Ludii
491 2264 549 2298 He
575 2265 619 2306 cf.
640 2265 717 2307 flor.
734 2267 754 2297 4
776 2264 888 2298 Paus.
904 2265 968 2298 IX
983 2268 1064 2307 12,.5
1181 2265 1343 2299 himenei
1370 2267 1425 2310 (φ)

146 2336 190 2366 24
224 2310 380 2367 adorta}
399 2336 454 2378 (ᾳ)
