1657 2526
202 95 284 137 168
358 96 533 130 APVLEI
559 95 1027 131 METAMORPHOSEON
1053 97 1139 131 ΜΒ.
1160 96 1239 139 VH,
1267 100 1319 131 18.
1349 101 1390 131 19

129 169 198 194 Oud.

200 208 408 256 defluebat,
440 208 651 258 peronibus
684 208 765 246 suis
805 209 852 246 ab
886 222 1010 258 aquae
1044 209 1202 247 madore
1229 209 1432 247 consulens
1464 211 1547 259 ipse

1574 171 1600 195 E

200 281 353 317 quoque
396 268 556 316 insuper
598 267 752 305 lumbos
812 281 917 306 meos
967 268 1144 306 insiliens
1195 268 1408 316 residebat,
1470 270 1546 307 exi·
1569 279 1619 304 128

198 340 318 377 guum
363 328 513 365 scilicet
554 328 592 364 et
632 327 732 364 illud
773 330 908 365 tantae
954 328 1069 366 molis
1111 322 1439 380 superlpondium.
1503 341 1548 366 ac

199 387 231 424 si
258 399 335 435 quo
368 399 460 424 casu
492 387 586 423 limo
615 399 779 424 caenoso
812 388 921 436 ripae
949 387 1157 436 supercilio
1191 387 1408 425 lubricante
1443 384 1546 439 [h]o-

163 460 177 485 5
198 447 302 483 neris
334 446 572 495 inpatientia
604 446 811 495 prolapsus
851 447 1078 494 deruissem,
1123 459 1212 484 cum
1251 446 1410 484 deberet
1440 459 1546 497 egre-

199 507 285 555 gius
320 518 438 555 agaso
477 518 638 542 manum
676 507 886 555 porrigere,
928 506 1098 554 capistro
1131 506 1378 555 suspendere,
1424 506 1548 544 cauda

198 565 421 611 subleuare,
464 566 567 602 certe
609 566 762 613 partem
803 566 908 602 tanti
949 565 1093 612 oneris,
1139 565 1267 613 quoad
1304 577 1546 616 resurgerem

127 633 179 656 482
199 624 351 672 saltem,
379 624 594 671 detrahere,
620 624 773 661 nullum
805 624 963 672 quidem
989 624 1139 662 defesso
1166 625 1263 661 mihi
1296 624 1448 662 ferebat
1480 638 1547 662 au-

198 684 347 731 xilium,
387 683 453 721 sed
493 685 687 732 occipiens
725 696 747 720 a
783 685 924 732 capite,
955 684 1075 721 immo
1110 697 1205 721 uero
1242 686 1281 721 et
1315 684 1411 733 ipsis
1444 685 1547 722 auri-

145 756 177 781 10
197 743 268 781 bus
323 745 453 780 totum
503 756 564 780 me
621 743 860 791 compilabat
901 769 910 794 ,¹
935 743 1063 786 †cidit
1120 743 1218 781 fusti
1275 743 1547 793 grandissimo,

197 802 319 840 donec
356 802 521 839 fomenti
559 803 645 840 uice
682 803 792 851 ipsae
837 816 897 840 me
943 804 1085 852 plagae
1129 803 1375 840 suscitarent.
1444 803 1547 840 idem

197 861 293 899 mihi
326 863 446 899 talem
474 862 595 899 etiam
621 863 861 910 excogitauit
886 863 1110 910 perniciem.
1163 863 1296 910 spinas
1323 874 1546 900 acerrumas

126 930 178 954 46³
199 923 237 958 et
268 923 418 970 punctu
449 922 645 958 uenenato
678 919 887 970 uir[i]osas
919 923 959 958 in
985 922 1131 959 fascem
1163 921 1292 959 tortili
1324 921 1425 959 nodo
1458 935 1546 960 con-

198 982 356 1018 strictas
390 980 534 1017 caudae
568 993 677 1018 meae
710 981 899 1029 pensilem
927 981 1121 1030 deligauit
1154 982 1382 1028 cruciatum,
1414 983 1459 1018 ut
1490 983 1547 1018 in-

144 1054 176 1078 15
197 1052 307 1077 cessu
339 1052 425 1078 meo
465 1042 682 1077 commotae
721 1040 987 1089 incitataeque
1026 1041 1193 1078 funestis
1227 1041 1373 1078 aculeis
1406 1041 1545 1078 infeste

127 1100 174 1134 19
196 1113 256 1136 me
289 1100 627 1138 conuulnerarent.
691 1112 783 1150 ergo
815 1101 939 1150 igitur
971 1099 1134 1148 ancipiti
1168 1100 1273 1136 malo
1305 1100 1545 1137 laborabam.

195 1172 287 1196 nam
320 1171 407 1196 cum
440 1172 501 1196 me
534 1171 651 1196 cursu
689 1159 960 1208 proripueram
999 1160 1154 1208 fugiens
1188 1159 1457 1197 acerbissimos
1489 1160 1546 1196 in-

196 1230 345 1266 cursus,
389 1219 681 1256 uehementiore
725 1220 814 1256 nisu
858 1218 1059 1267 spinarum
1104 1219 1292 1256 feriebar:
1344 1220 1377 1256 si
1421 1219 1547 1257 dolori

196 1290 360 1326 parcens
392 1278 599 1326 paululum
630 1278 873 1326 restitissem,
918 1278 1047 1328 plagis
1083 1278 1348 1326 compellebar
1379 1274 1430 1315 ad
1463 1291 1546 1315 cur-

144 1351 178 1376 20
198 1349 294 1374 sum.
356 1350 426 1375 nec
460 1338 669 1386 quicquam
709 1337 918 1375 uidebatur
954 1338 1061 1374 aliud
1096 1337 1317 1387 excogitare
1349 1350 1448 1386 puer
1479 1338 1546 1375 ille

196 1397 459 1446 nequissimus
506 1410 623 1445 quam
661 1398 706 1434 ut
748 1410 809 1434 me
856 1410 1013 1445 quoquo
1058 1397 1173 1435 modo
1218 1397 1416 1446 perditum
1461 1396 1546 1444 iret,

195 1456 313 1505 idque
346 1457 479 1494 iurans
513 1458 633 1494 etiam
666 1469 743 1493 non
777 1469 976 1505 nunquam
1013 1456 1337 1494 comminabatur.

278 1516 332 1553 Et
351 1517 467 1565 plane
488 1516 578 1563 fuit,
594 1516 696 1564 quod
719 1515 800 1554 eius
822 1516 1095 1553 detestabilem
1109 1516 1305 1553 malitiam
1326 1515 1375 1553 ad
1395 1517 1545 1565 peiores

201 1578 364 1613 conatus
392 1575 634 1622 stimularet3
667 1588 760 1612 nam
788 1575 957 1623 quadam
984 1575 1045 1612 die
1071 1575 1194 1612 nimia
1220 1576 1301 1612 eius
1334 1575 1546 1613 insolentia

142 1648 174 1673 25
196 1637 423 1685 expugnata
454 1636 650 1683 patientia
680 1648 765 1672 mea
792 1635 917 1672 calces
945 1634 985 1671 in
1012 1648 1098 1672 eum
1131 1635 1284 1672 ualidas
1317 1635 1543 1672 extuleram.

195 1694 361 1743 denique
394 1694 473 1732 tale
506 1695 658 1732 facinus
699 1695 739 1731 in
781 1708 841 1732 me
884 1694 1202 1732 comminiscitur.
1266 1695 1432 1743 stuppae
1465 1707 1544 1731 sar-

289 1843 316 1876 F
340 1842 456 1877 157⁸b.
485 1857 512 1887 φ
534 1843 676 1878 50¹³512.
868 1849 883 1877 1
912 1843 1016 1890 p01b3
1043 1848 1085 1877 ut
1116 1844 1186 1877 vid.
1219 1855 1263 1877 m.
1297 1847 1361 1879 vet.
1390 1847 1473 1878 mut.
1504 1844 1544 1877 in

194 1887 302 1947 {dim
354 1917 398 1946 φ;
427 1902 569 1948 pomib3
598 1904 651 1947 (in
678 1915 743 1948 my.
775 1916 815 1937 m.
843 1904 1021 1938 recentiss.
1049 1903 1134 1936 aad.
1161 1902 1347 1946 peronib;)

196 1955 215 1984 2
243 1949 400 1996 (haud)
428 1950 602 1995 exiguum
630 1951 753 1985 Petseh
912 1954 932 1983 4
958 1950 1108 1984 honeris
1129 1962 1190 1984 em.
1220 1963 1246 1993 φ
1400 1954 1417 1984 7
1446 1951 1544 1984 certe

195 1999 250 2042 (φ)
276 2009 390 2041 supra
416 1998 454 2032 te
479 2009 568 2032 eras.
595 1999 666 2033 vid.
688 2001 701 2007 ⁹
868 2002 910 2032 10
949 1997 1212 2041 concipulabat
1239 1998 1331 2041 [Αἶρε
1368 1999 1412 2041 cf.
1433 2001 1543 2040 204,8

194 2045 298 2080 vdVl
324 2046 431 2080 Arch.
459 2046 485 2088 f.
513 2047 574 2079 lat.
604 2047 691 2099 Lem.
714 2046 777 2079 IX
789 2048 859 2080 461
1009 2044 1116 2078 'cidit
1143 2046 1198 2090 (φ)
1226 2045 1350 2079 caedit
1376 2045 1414 2078 E
1462 2055 1541 2079 cae-

195 2128 285 2181 dens
305 2140 325 2163 v
352 2133 466 2162 ortum
489 2140 532 2163 ear:
554 2094 725 2173 §pilabat
744 2133 856 2173 putat
881 2130 993 2174 Beyte
1026 2128 1099 2172 (sed
1125 2127 1276 2171 offendit
1297 2128 1475 2173 perfect),
1501 2139 1544 2162 em

194 2184 362 2255 Egillabat
394 2212 567 2256 Plasberg]
612 2213 648 2245 et
686 2211 724 2245 id
752 2212 884 2246 Koziol
928 2211 1155 2245 concidendo
1190 2212 1299 2254 Luetj
1344 2210 1544 2245 crudeliter

196 2259 253 2293 He
302 2260 397 2293 inter
423 2258 514 2293 cidit
540 2264 572 2293 et
596 2259 684 2292 fusti
712 2260 777 2293 Zac.
805 2263 917 2302 quast.
945 2260 1011 2294 litt.
1039 2261 1111 2303 (φ),
1138 2260 1199 2293 sed
1224 2259 1316 2293 nihil
1338 2259 1449 2302 periit

196 2310 237 2339 13
266 2305 420 2340 uiriosas
442 2308 497 2351 (φ)
524 2306 665 2340 uirosas
690 2319 710 2341 υ
736 2308 780 2348 cf.
800 2310 932 2349 213,16
1068 2310 1108 2339 15
1136 2306 1280 2340 infestis
1307 2305 1444 2340 aculeis
1472 2306 1541 2352 [in-

193 2353 304 2400 feste]
331 2354 405 2390 Leo
529 2358 568 2388 17
597 2353 848 2389 aceruisl'imos
876 2356 927 2398 (φ,
955 2353 978 2388 b
1003 2365 1116 2400 supra
1142 2365 1165 2387 u
1192 2353 1275 2389 add.
1303 2355 1350 2389 al.
1378 2355 1436 2398 m.)
