1657 2526
264 64 440 100 APvLm
464 63 927 100 METAMORPHOSEON
955 65 1158 109 LIB.V111‚
1186 70 1240 100 25.
1270 71 1312 101 26
1382 69 1462 110 197

46 139 114 164 Oud.
1482 141 1508 166 Ε

45 175 96 200 ⁵⁷⁵
116 190 273 216 caecum
317 177 497 224 reddant,
542 172 619 226 qui¹
655 176 883 215 scurrilibus
927 178 1006 214 iam
1048 177 1195 215 dudum
1235 180 1370 216 contra
1404 192 1463 217 me

114 237 294 275 uelitaris
331 237 439 274 iocis.
503 249 551 274 an
593 249 653 273 me
691 238 820 285 putas,
847 237 992 285 inepte,
1026 237 1201 274 iumento
1235 239 1316 275 fero
1350 250 1464 287 posse

114 296 227 334 deam
271 296 526 344 committere,
570 298 615 332 ut
657 295 863 333 turbatum
900 298 1060 344 repente
1100 296 1277 334 diuinum
1304 297 1465 335 deiciat

114 356 370 394 simulacrum
409 367 559 406 egoque
598 355 717 392 miser
746 351 748 407 ξ
778 367 897 405 cogar
937 355 1108 393 crinibus
1142 356 1280 394 solutis
1314 356 1464 394 discur-

113 428 198 452 rere
237 418 276 453 et
315 415 410 453 deae
451 427 559 452 meae
596 414 704 451 humi
738 414 883 452 iacenti
916 415 1087 463 aliquem
1120 416 1312 453 medicum
1346 429 1464 465 quae·
1485 415 1500 439 5
1547 436 1552 441 ·

112 471 240 512 rere?

204 535 376 582 Accepto
412 533 486 571 tali
519 546 695 571 sermone
729 533 952 583 cogitabam
985 534 1116 572 subito
1148 535 1259 572 uelut
1284 534 1465 584 lympha-

115 594 209 631 iicus
248 593 398 640 exilire,
435 595 482 630 ut
519 606 580 630 me
619 593 823 631 ferocitate
857 605 1017 631 cernens
1050 596 1325 643 exasperatum
1360 607 1465 643 emp-

112 652 259 690 tionem
293 652 500 691 desineret.
563 652 631 690 sed
664 654 874 701 praeuenit
906 654 1127 702 cogitatum
1154 667 1283 691 meum
1311 657 1466 703 emptor

114 713 251 750 anxius
290 713 418 762 pretio
457 712 626 760 depenso
665 712 818 760 statim,
858 711 962 761 quod
1001 713 1157 761 quidem
1191 713 1366 764 gaudens
1399 714 1462 751 do·
1486 711 1519 736 ¹⁰

111 771 242 809 minus
287 772 437 809 scilicet
481 771 612 810 taedio
657 771 735 808 mei
779 771 895 809 facile
946 772 1135 821 suscepit,
1186 773 1463 822 septemdecim

112 831 330 879 denarium,
375 834 414 868 et
457 831 547 869 ilico
592 843 653 868 me
693 830 862 868 stomida
901 834 1058 880 spartea
1091 832 1309 882 deligatum
1342 833 1465 870 tradi-

112 890 170 928 dit
202 890 382 940 Philebo3
419 891 493 929 hoc
532 890 632 927 enim
673 891 830 928 nomine
870 891 1100 928 censebatur
1137 891 1217 929 iam
1256 905 1363 930 meus
1397 892 1463 930 do-

41 959 93 985 576
112 950 252 987 minus.
316 952 357 988 at
388 950 456 987 ille
489 952 714 998 susceptum
745 951 945 988 nouicium
978 952 1173 988 famulum
1205 951 1391 989 trahebat
1416 952 1465 990 ad
1486 943 1535 978 23

112 1010 269 1047 domum
327 1010 541 1058 statimque
598 1010 708 1047 illinc
766 1010 810 1046 de
860 1011 987 1058 primo
1039 1011 1174 1048 limine
1225 1012 1463 1060 proclamat:
1484 1012 1517 1038 15

113 1066 296 1118 ‘puellae,
334 1082 490 1107 seruum
529 1069 643 1106 uobis
682 1069 925 1118 pulchellum
967 1082 1013 1107 en
1053 1082 1139 1108 ecce
1171 1073 1346 1108 mercata
1377 1085 1464 1120 per-

111 1125 231 1167 duxi.’
296 1129 362 1166 sed
407 1129 500 1166 illae
545 1129 702 1178 puellae
745 1129 887 1167 chorus
930 1131 1014 1166 erat
1059 1130 1321 1179 cinaedorum,
1365 1144 1463 1180 quae

112 1188 249 1225 statim
276 1189 498 1226 exultantes
524 1188 564 1224 in
597 1188 784 1238 gaudium
814 1189 941 1227 fracta
968 1191 1004 1226 et
1028 1202 1147 1227 rauca
1174 1191 1212 1227 et
1238 1191 1465 1229 effeminata
1486 1193 1536 1217 1⁵1

42 1255 94 1281 5⁷7
114 1260 209 1286 uoce
243 1248 433 1286 clamores
472 1248 638 1286 absonos
676 1247 879 1295 intollunt,
917 1250 995 1285 rati
1028 1249 1177 1287 scilicet
1208 1263 1299 1287 uere
1332 1263 1464 1299 quem-

111 1308 219 1357 piam
262 1307 461 1345 hominem
505 1308 711 1345 seruulum
755 1309 976 1346 ministerio
1022 1321 1091 1346 suo
1136 1312 1334 1358 paratum.
1397 1310 1464 1348 sed
1485 1314 1518 1340 2⁰

109 1368 321 1417 postquam
364 1380 442 1405 non
482 1379 638 1405 ceruam
680 1380 751 1416 pro
785 1368 960 1417 uirgine,
1000 1368 1067 1405 sed
1100 1369 1259 1406 asinum
1292 1382 1363 1418 pro
1396 1370 1463 1408 ho-

109 1428 212 1464 mine
251 1427 526 1464 succidaneum
566 1427 720 1475 uidere,
758 1440 852 1465 nare
891 1427 1048 1466 detorta
1079 1430 1317 1478 magistrum
1350 1442 1463 1467 suum

108 1488 218 1524 uarie
259 1486 517 1524 cauillantur:
555 1499 630 1524 non
665 1487 768 1524 enim
808 1500 982 1535 seruum,
1024 1488 1091 1525 sed
1129 1489 1318 1525 maritum
1350 1489 1464 1526 illum

108 1545 258 1583 scilicet
297 1546 372 1583 sibi
413 1546 652 1594 perduxisse.
717 1548 756 1583 et
789 1543 926 1593 ‘heus’‚
960 1548 1085 1595 aiunt,
1119 1544 1230 1585 ‘caue
1269 1561 1315 1585 ne
1357 1549 1462 1586 solus

108 1605 248 1643 exedas
292 1608 375 1643 tam
419 1606 565 1643 bellum
609 1605 760 1644 scilicet
802 1606 1013 1655 pullulum,
1054 1607 1121 1645 sed
1159 1607 1271 1645 nobis
1305 1621 1461 1657 quoque
1483 1613 1515 1639 25

106 1666 187 1703 tuis
220 1665 461 1714 palumbulis
493 1678 775 1714 nonnunquam
808 1663 1029 1715 inpertias.'

196 1724 305 1762 Haec
345 1727 384 1763 et
415 1725 531 1763 huius
564 1725 671 1763 modi
703 1727 839 1763 mutuo
873 1721 1127 1778 blaterantes
1159 1728 1365 1776 praesepio
1399 1740 1459 1764 me

202 1826 228 1861 F
250 1826 369 1861 163812.
397 1841 423 1871 φ
446 1827 520 1861 55¹³.
655 1835 669 1860 1
695 1827 858 1862 reddunt
884 1829 939 1872 (φ)
966 1840 989 1862 u
1016 1833 1102 1863 mut.
1131 1830 1171 1863 in
1198 1840 1219 1862 a
1244 1830 1291 1863 al.
1319 1841 1366 1863 m.

107 1906 124 1932 5
157 1882 287 1945 queri-c
314 1909 376 1932 em.
404 1899 483 1933 ead.
510 1910 554 1932 m.
679 1906 693 1931 ἳ
722 1898 909 1934 sermone*
930 1900 1016 1943 (vid.
1043 1911 1132 1934 eras.
1147 1902 1178 1944 ‘)
1274 1899 1461 1945 lffphacit3

106 1957 168 1980 em.
199 1960 225 1990 φ
372 1952 408 1979 10
441 1946 566 1980 statim
593 1948 648 1991 (φ)
681 1958 782 1981 eran.
929 1955 962 1980 11
999 1947 1185 1993 I'Luscepijt
1216 1959 1316 1982 evan.

106 2001 142 2027 12
169 1993 323 2027 denarii}
351 1995 406 2038 (φ)
433 2005 456 2027 u
481 1995 546 2037 ref.
573 1995 619 2029 ab
645 1995 692 2029 al.
719 2006 765 2028 m.
935 1995 1100 2029 tumidas
1129 1997 1261 2040 partea
1287 1997 1418 2039 (prior.
1446 1997 1462 2029 t

106 2042 148 2075 in
173 2052 245 2076 ras.
273 2042 318 2075 al.
347 2053 392 2075 m.
420 2042 562 2084 resima.)
613 2056 657 2085 φτ
685 2041 864 2075 stumidas
886 2044 1017 2086 pai-tea
1067 2054 1129 2077 em.
1157 2044 1243 2077 Sim
1269 2044 1313 2086 cf.
1344 2044 1462 2078 Marx

106 2090 227 2123 Lucil.
260 2089 310 2123 II
326 2101 363 2133 p.
394 2092 464 2123 190
503 2089 560 2134 (cf.
601 2089 771 2133 crepida,
810 2089 1000 2135 lampada)
1035 2090 1190 2125 tumicla
1222 2091 1307 2126 Seaz

106 2143 142 2170 16
174 2138 339 2170 mereata
366 2138 421 2180 (φ)
454 2148 541 2171 corr.
570 2138 617 2171 al.
645 2149 690 2172 m,
717 2138 758 2171 in
782 2140 941 2180 mercat3
1112 2148 1196 2173 ecce
1236 2150 1253 2172 e
1292 2140 1460 2172 mercatu

107 2184 233 2219 Petsch
386 2190 424 2217 28
460 2184 576 2230 fracte
602 2186 657 2229 (φ)
685 2196 821 2219 *rauca
854 2187 957 2228 (eras.
985 2196 1025 2227 a,
1057 2197 1146 2220 rauc
1173 2187 1213 2220 in
1238 2197 1307 2221 ras.
1340 2188 1385 2220 al.
1413 2198 1458 2220 m.

105 2242 184 2273 ser„
209 2231 271 2266 sed
298 2231 367 2265 vid.
399 2231 446 2265 id.
473 2233 599 2276 fuisse)
650 2247 694 2277 φτ
722 2243 857 2274 aranea
883 2235 917 2277 (a
943 2234 1027 2268 add<
1056 2235 1103 2268 al.
1131 2236 1190 2275 m.)
1339 2235 1375 2268 et
1402 2234 1460 2267 He

107 2280 187 2323 (litt.
223 2289 244 2311 a
277 2284 308 2313 et
334 2280 349 2312 t
374 2279 593 2319 simillimae)
723 2280 843 2314 fracta
876 2281 1020 2326 [rauca]
1051 2282 1285 2326 szneyieter
1407 2281 1460 2326 [et

108 2326 365 2373 effeminata]?
391 2327 451 2363 He
570 2333 608 2361 25
634 2326 735 2362 uellfi
762 2329 815 2373 (φ,
840 2329 902 2362 sed
927 2339 989 2363 em.
1018 2331 1064 2364 al.
1091 2330 1150 2373 m.)
