1657 2526
213 68 299 109 ,⁶240
446 61 619 100 APVLEI
646 57 1111 101 METAMORPHOSEON
1138 66 1225 102 LIB.
1246 67 1288 111 X,
1316 70 1335 101 5

143 139 211 164 ΟΜΖ.

213 178 380 216 feminae
412 179 527 229 filius,
559 180 649 228 post
680 179 919 216 matutinum
951 178 1126 217 laborem
1155 179 1376 217 studiorum
1402 180 1559 218 domum

212 251 252 276 se
284 239 488 288 recipiens,
522 238 688 287 prandio
720 238 800 276 iam
834 240 949 287 capto
981 239 1118 277 sitiens
1150 240 1352 288 repertum
1382 239 1468 277 uini
1492 252 1561 289 po-

212 298 354 345 culum,
386 299 427 335 in
459 311 536 346 quo
568 311 763 335 uenenum
793 298 946 335 latebat
970 298 1176 346 inclusum,
1208 298 1360 336 nescius
1379 292 1391 351 Η
1410 299 1560 336 fraudis

213 358 389 395 occultae
422 357 608 394 continuo
640 356 824 406 perduxit
851 353 1062 407 <h>austu.
1112 358 1231 405 atque
1256 356 1325 394 ubi
1349 358 1465 395 fratri
1490 370 1559 395 suo

177 424 191 449 5
212 418 394 465 paratam
431 418 597 453 mortem
637 416 775 464 ebibit,
814 417 1004 454 exanimis
1042 418 1169 454 terrae
1206 416 1445 466 procumbit,
1483 418 1560 454 illi-

160 722 192 746 10

140 781 192 805 ϋ88

159 1317 192 1341 20

140 1376 192 1400 689

160 1614 192 1640 25

212 489 334 525 coque
391 476 598 524 repentina
654 477 768 524 pueri
816 476 989 524 pernicie
1038 475 1293 526 paedagogus
1343 478 1560 514 commotus

212 535 397 572 ululabili
434 536 603 572 clamore
641 536 807 572 matrem
844 537 1050 584 totamque
1088 536 1165 573 ciet
1199 535 1402 573 familiam.
1463 537 1559 573 iam-

213 607 286 643 que
326 595 483 645 cognito
523 606 617 632 casu
655 595 794 632 noxiae
829 593 1003 642 potionis
1035 595 1145 631 uarie
1179 594 1346 644 quisque
1377 607 1561 644 praesen-

211 655 312 691 tium
357 656 537 691 auctores
582 653 870 691 insimulabant
914 655 1077 691 extremi
1117 653 1314 691 facinoris.
1371 654 1437 692 sed
1475 654 1560 692 dira

212 713 282 750 illa
320 713 469 750 femina
507 716 545 750 et
583 712 760 751 malitiae
799 713 1019 751 nouercalis
1059 713 1258 762 exemplar
1287 714 1450 752 unicum
1482 726 1561 751 non

213 772 349 809 acerba
387 772 461 810 filii
498 774 641 820 morte,
680 785 758 810 non
796 772 998 821 parricidii
1036 772 1293 820 conscientia,
1330 785 1408 810 non
1439 772 1560 810 infor-

211 831 324 869 tunio
346 831 494 879 domus,
521 844 599 869 non
618 832 729 869 luctu
749 831 883 869 mariti
902 832 968 869 uel
989 844 1176 869 aerumna
1196 832 1344 870 funeris
1365 834 1559 870 commota
1616 843 1630 866 5

212 890 363 928 cladem
382 891 558 929 familiae
578 888 676 942 (in)
694 891 893 929 uindictae
915 891 1190 940 compendium
1210 891 1344 940 traxit,
1364 892 1560 940 missoque

211 952 391 999 protinus
424 963 591 999 cursore,
626 952 695 999 qui
726 951 853 988 uianti
884 951 1028 988 marito
1061 950 1198 988 domus
1228 952 1559 1001 expugnationem

176 1018 191 1043 s·
212 1012 431 1058 nuntiaret,
470 1023 514 1048 ac
550 1023 640 1048 mox
679 1010 815 1048 eodem
854 1010 960 1048 ocius
999 1009 1047 1047 ab
1085 1009 1225 1048 itinere
1263 1022 1438 1060 regresso
1474 1023 1559 1060 per-

210 1072 350 1108 sonata
387 1070 513 1107 nimia
550 1070 773 1107 temeritate
804 1070 1011 1107 insimulat
1041 1069 1218 1119 priuigni
1250 1082 1401 1107 ueneno
1432 1069 1559 1106 filium

211 1142 324 1167 suum
356 1130 628 1179 interceptum.
681 1131 720 1166 et
751 1129 823 1167 hoc
856 1129 1012 1177 quidem
1044 1141 1122 1166 non
1155 1129 1251 1166 adeo
1280 1128 1558 1177 mentiebatur,

213 1188 317 1237 quod
360 1189 440 1226 iam
485 1188 723 1227 destinatam
767 1190 903 1226 iuueni
939 1190 1106 1226 mortem
1143 1189 1413 1237 praeuenisset
1449 1201 1559 1237 puer,

211 1247 278 1284 sed
310 1248 472 1286 fratrem
503 1249 698 1286 iuniorem
726 1247 901 1298 fingebat
925 1248 1012 1286 ideo
1038 1247 1217 1298 priuigni
1241 1248 1385 1285 scelere
1410 1260 1559 1297 perem-

211 1309 337 1356 ptum,
370 1308 474 1357 quod
506 1309 589 1346 eius
621 1304 889 1357 prob<r>osae
921 1307 1089 1355 libidini,
1122 1320 1199 1356 qua
1231 1320 1271 1345 se
1304 1309 1559 1356 comprimere

212 1369 497 1416 temptaumt,
546 1364 789 1418 noluisse<t>
838 1366 1100 1405 succumbere.
1163 1379 1233 1404 nec
1281 1363 1452 1418 tam[en]
1501 1368 1558 1404 in-

212 1426 393 1465 manibus
432 1428 617 1465 contenta
654 1427 854 1465 mendacis
893 1426 1063 1464 addebat
1100 1426 1175 1464 sibi
1214 1438 1369 1475 quoque
1408 1426 1456 1463 ob
1495 1426 1561 1464 de-

212 1488 361 1524 tectum
393 1486 589 1536 flagitium
622 1486 788 1524 eundem
819 1486 936 1524 illum
969 1485 1145 1536 gladium
1178 1485 1419 1523 comminari.
1466 1488 1560 1523 tunc

212 1546 349 1583 infelix
387 1546 537 1594 duplici
569 1546 740 1584 filiorum
772 1548 897 1583 morte
929 1557 1137 1594 percussus
1169 1546 1322 1595 magnis
1356 1558 1559 1583 aerumna-

212 1619 300 1643 rum
350 1606 532 1655 procellis
584 1607 751 1643 aestuat.
814 1617 906 1643 nam
957 1607 996 1642 et
1040 1605 1236 1642 iuniorem
1280 1604 1455 1642 incoram
1498 1605 1560 1642 sui

213 1666 388 1702 funerari
425 1665 588 1703 uidebat
625 1667 664 1703 et
702 1665 870 1703 alterum
907 1664 955 1702 ob
994 1666 1188 1702 incestum
1225 1664 1559 1713 parricidiumque

213 1726 354 1773 capitis
386 1725 537 1763 scilicet
569 1724 800 1762 damnatum
831 1724 880 1761 iri
914 1726 1019 1762 certo
1045 1723 1204 1762 sciebat.
1256 1722 1304 1760 ad
1329 1723 1402 1762 hoc
1427 1725 1560 1761 uxoris

212 1783 379 1821 dilectae
426 1785 591 1822 nimium
636 1783 811 1822 mentitis
855 1782 1205 1821 lamentationibus
1250 1783 1299 1820 ad
1344 1784 1558 1821 extremum

212 1843 359 1882 subolis
392 1840 724 1895 imp<el>lebatur
755 1843 899 1882 odium.

307 1969 335 2003 F
357 1969 547 2004 172b173².
575 1984 601 2013 φ
623 1969 766 2004 631'642.
879 1975 896 2002 4
923 1967 1040 2002 austu.
1069 1967 1138 2010 Qui
1165 1967 1249 2013 (Qui
1276 1969 1324 2004 al.
1350 1980 1394 2003 m.
1421 1969 1462 2003 in
1486 1980 1558 2004 ras.

211 2018 292 2060 scr.)
342 2030 387 2061 φτ
409 2016 552 2051 haustu.
574 2018 649 2060 atq'
747 2025 779 2050 ιι
807 2016 940 2051 acerba
967 2015 1003 2060 (b
1031 2026 1073 2050 ex
1098 2027 1123 2049 u
1148 2026 1238 2051 corr.
1259 2017 1306 2051 al.
1327 2018 1387 2060 m.)
1482 2022 1518 2049 13
1539 2027 1561 2050 a

213 2063 317 2098 clade
344 2065 541 2099 Bluemner
663 2064 756 2111 <in>
784 2063 976 2098 uindictae
1004 2063 1158 2098 Illodius
1297 2070 1335 2097 20
1360 2062 1478 2110 cphose
1504 2065 1559 2108 (φ)

212 2123 275 2146 em.
295 2123 316 2146 υ
412 2119 447 2145 21
474 2111 627 2146 noluisse
648 2114 702 2156 (φ,
727 2112 798 2147 sed.
819 2123 882 2146 em.
901 2112 949 2146 al.
970 2112 1029 2155 m.)
1127 2113 1205 2145 taffi
1224 2113 1279 2155 (φ)
1300 2112 1378 2145 tam
1397 2122 1417 2145 v
1436 2112 1559 2145 tamen

214 2158 346 2206 <tam>
374 2159 478 2194 2>de
574 2166 611 2192 22
637 2159 829 2194 mendacis
851 2160 912 2203 (al.
938 2169 983 2192 m.
1009 2169 1073 2192 em.
1099 2159 1156 2201 eff.
1181 2158 1259 2202 -iis)
1286 2159 1330 2202 ef.
1358 2160 1489 2201 199,15

212 2206 459 2241 detrectatum
480 2208 525 2241 vd
536 2208 583 2242 Vl
679 2214 716 2241 24
743 2206 901 2253 (pater)
923 2205 989 2240 inf.
1009 2206 1055 2240 vd
1066 2206 1114 2241 Vl
1134 2205 1299 2253 (senex)
1322 2206 1514 2241 Brakman

212 2285 249 2311 29
276 2277 418 2313 subolis
441 2280 477 2322 (u
503 2282 589 2312 mut.
616 2279 656 2312 in
683 2279 718 2321 ο)
773 2292 817 2323 φτ
846 2262 981 2313 Γ3ὺο1ἰΐ
1003 2289 1092 2313 corr.
1119 2277 1197 2312 ead.
1225 2289 1269 2312 m.
1379 2254 1560 2321 implebat

212 2327 266 2370 (φ)
292 2337 354 2361 em.
381 2338 401 2360 v
427 2327 471 2369 cf.
493 2328 602 2368 4732?
628 2328 763 2369 173,17
789 2328 899 2369 225,4

1572 139 1598 166 E
