<?xml version="1.0" encoding="UTF-8"?>
<!DOCTYPE html PUBLIC "-//W3C//DTD XHTML 1.0 Transitional//EN"
    "http://www.w3.org/TR/xhtml1/DTD/xhtml1-transitional.dtd">
<html xmlns="http://www.w3.org/1999/xhtml" xml:lang="en" lang="en">
 <head>
  <title>
</title>
<meta http-equiv="Content-Type" content="text/html;charset=utf-8" />
  <meta name='ocr-system' content='tesseract 3.04.00' />
  <meta name='ocr-capabilities' content='ocr_page ocr_carea ocr_par ocr_line ocrx_word'/>
</head>
<body>
  <div class='ocr_page' id='page_1' title='image "./operaquaesupersu01apuluoft_0185.png"; bbox 0 0 1657 2526; ppageno 0'>
   <div class='ocr_carea' id='block_1_1' title="bbox 299 84 1448 129">
    <p class='ocr_par' dir='ltr' id='par_1_1' title="bbox 299 84 1448 129">
     <span class='ocr_line' id='line_1_1' title="bbox 299 84 1448 129; baseline 0 -11"><span class='ocrx_word' id='word_1_1' title='bbox 299 84 474 118; x_wconf 87' lang='lat' dir='ltr'>APVLEI</span> <span class='ocrx_word' id='word_1_2' title='bbox 500 84 968 119; x_wconf 73' lang='lat' dir='ltr'>METAMoRPHOSEoN</span> <span class='ocrx_word' id='word_1_3' title='bbox 996 85 1080 119; x_wconf 85' lang='lat' dir='ltr'>LlB.</span> <span class='ocrx_word' id='word_1_4' title='bbox 1103 84 1180 129; x_wconf 78' lang='lat' dir='ltr'>VH,</span> <span class='ocrx_word' id='word_1_5' title='bbox 1208 88 1250 119; x_wconf 74' lang='lat'>‘27</span> <span class='ocrx_word' id='word_1_6' title='bbox 1367 85 1448 125; x_wconf 74' lang='grc'>175</span> 
     </span>
    </p>
   </div>
   <div class='ocr_carea' id='block_1_2' title="bbox 27 158 96 184">
    <p class='ocr_par' dir='ltr' id='par_1_2' title="bbox 27 158 96 184">
     <span class='ocr_line' id='line_1_2' title="bbox 27 158 96 184; baseline -0.029 0"><span class='ocrx_word' id='word_1_7' title='bbox 27 158 96 184; x_wconf 79' lang='grc' dir='ltr'>Οαιί.</span> 
     </span>
    </p>
   </div>
   <div class='ocr_carea' id='block_1_3' title="bbox 24 384 77 409">
    <p class='ocr_par' dir='ltr' id='par_1_3' title="bbox 24 384 77 409">
     <span class='ocr_line' id='line_1_3' title="bbox 24 384 77 409; baseline -0.038 -1"><span class='ocrx_word' id='word_1_8' title='bbox 24 384 77 409; x_wconf 70' lang='lat'>4911</span> 
     </span>
    </p>
   </div>
   <div class='ocr_carea' id='block_1_4' title="bbox 23 1039 76 1063">
    <p class='ocr_par' dir='ltr' id='par_1_4' title="bbox 23 1039 76 1063">
     <span class='ocr_line' id='line_1_4' title="bbox 23 1039 76 1063; baseline -0.038 0"><span class='ocrx_word' id='word_1_9' title='bbox 23 1039 76 1063; x_wconf 74' lang='lat'>5⁰0</span> 
     </span>
    </p>
   </div>
   <div class='ocr_carea' id='block_1_5' title="bbox 92 196 1452 1733">
    <p class='ocr_par' dir='ltr' id='par_1_5' title="bbox 92 196 1452 1733">
     <span class='ocr_line' id='line_1_5' title="bbox 98 196 1451 246; baseline -0.001 -10"><span class='ocrx_word' id='word_1_10' title='bbox 98 196 268 246; x_wconf 89' lang='lat' dir='ltr'>spatium</span> <span class='ocrx_word' id='word_1_11' title='bbox 303 197 457 246; x_wconf 81' lang='lat' dir='ltr'>datum3</span> <span class='ocrx_word' id='word_1_12' title='bbox 490 211 580 235; x_wconf 89' lang='lat' dir='ltr'>nam</span> <span class='ocrx_word' id='word_1_13' title='bbox 606 200 733 236; x_wconf 85' lang='lat' dir='ltr'>mater</span> <span class='ocrx_word' id='word_1_14' title='bbox 758 197 881 246; x_wconf 85' lang='lat' dir='ltr'>pueri,</span> <span class='ocrx_word' id='word_1_15' title='bbox 913 199 1079 235; x_wconf 83' lang='lat' dir='ltr'>mortem</span> <span class='ocrx_word' id='word_1_16' title='bbox 1112 197 1320 246; x_wconf 80' lang='lat' dir='ltr'>deplorans</span> <span class='ocrx_word' id='word_1_17' title='bbox 1348 210 1451 235; x_wconf 88' lang='lat' dir='ltr'>acer-</span> 
     </span>
     <span class='ocr_line' id='line_1_6' title="bbox 99 256 1449 305; baseline 0 -12"><span class='ocrx_word' id='word_1_18' title='bbox 99 257 185 294; x_wconf 87' lang='lat' dir='ltr'>bam</span> <span class='ocrx_word' id='word_1_19' title='bbox 217 256 302 304; x_wconf 82' lang='lat' dir='ltr'>filii,</span> <span class='ocrx_word' id='word_1_20' title='bbox 334 257 425 294; x_wconf 85' lang='lat' dir='ltr'>fieta</span> <span class='ocrx_word' id='word_1_21' title='bbox 458 259 497 294; x_wconf 90' lang='lat' dir='ltr'>et</span> <span class='ocrx_word' id='word_1_22' title='bbox 530 258 740 295; x_wconf 89' lang='lat' dir='ltr'>lacrimosa</span> <span class='ocrx_word' id='word_1_23' title='bbox 773 257 959 305; x_wconf 87' lang='lat' dir='ltr'>fuscaque</span> <span class='ocrx_word' id='word_1_24' title='bbox 992 260 1100 294; x_wconf 86' lang='lat' dir='ltr'>ueste</span> <span class='ocrx_word' id='word_1_25' title='bbox 1133 259 1324 303; x_wconf 80' lang='lat' dir='ltr'>contecta,</span> <span class='ocrx_word' id='word_1_26' title='bbox 1370 269 1449 293; x_wconf 88' lang='lat' dir='ltr'>arn-</span> 
     </span>
     <span class='ocr_line' id='line_1_7' title="bbox 95 315 1451 363; baseline -0.001 -10"><span class='ocrx_word' id='word_1_27' title='bbox 95 315 218 354; x_wconf 90' lang='lat' dir='ltr'>babus</span> <span class='ocrx_word' id='word_1_28' title='bbox 256 316 438 354; x_wconf 83' lang='lat' dir='ltr'>manibus</span> <span class='ocrx_word' id='word_1_29' title='bbox 483 317 641 355; x_wconf 83' lang='lat' dir='ltr'>trahens</span> <span class='ocrx_word' id='word_1_30' title='bbox 681 316 899 354; x_wconf 81' lang='lat' dir='ltr'>cinerosam</span> <span class='ocrx_word' id='word_1_31' title='bbox 944 316 1141 363; x_wconf 75' lang='lat' dir='ltr'>canitiem,</span> <span class='ocrx_word' id='word_1_32' title='bbox 1186 316 1366 353; x_wconf 87' lang='lat' dir='ltr'>heiulans</span> <span class='ocrx_word' id='word_1_33' title='bbox 1413 318 1451 353; x_wconf 88' lang='lat' dir='ltr'>et</span> 
     </span>
     <span class='ocr_line' id='line_1_8' title="bbox 97 375 1449 424; baseline 0 -12"><span class='ocrx_word' id='word_1_34' title='bbox 97 375 234 412; x_wconf 81' lang='lat' dir='ltr'>exinde</span> <span class='ocrx_word' id='word_1_35' title='bbox 267 375 516 424; x_wconf 77' lang='lat' dir='ltr'>proclamans</span> <span class='ocrx_word' id='word_1_36' title='bbox 550 376 749 414; x_wconf 74' lang='lat' dir='ltr'><strong>stabulum</strong></span> <span class='ocrx_word' id='word_1_37' title='bbox 782 376 975 424; x_wconf 75' lang='lat' dir='ltr'>inrumpit</span> <span class='ocrx_word' id='word_1_38' title='bbox 1007 388 1138 413; x_wconf 87' lang='lat' dir='ltr'>meum</span> <span class='ocrx_word' id='word_1_39' title='bbox 1171 375 1377 424; x_wconf 87' lang='lat' dir='ltr'>tunsisque</span> <span class='ocrx_word' id='word_1_40' title='bbox 1405 387 1449 412; x_wconf 87' lang='lat' dir='ltr'>ac</span> 
     </span>
     <span class='ocr_line' id='line_1_9' title="bbox 95 432 1450 484; baseline 0 -13"><span class='ocrx_word' id='word_1_41' title='bbox 95 434 356 472; x_wconf 87' lang='lat' dir='ltr'>diuerberatis</span> <span class='ocrx_word' id='word_1_42' title='bbox 401 436 653 473; x_wconf 88' lang='lat' dir='ltr'>uehementer</span> <span class='ocrx_word' id='word_1_43' title='bbox 695 435 880 473; x_wconf 81' lang='lat' dir='ltr'>uberibus</span> <span class='ocrx_word' id='word_1_44' title='bbox 925 436 1083 484; x_wconf 87' lang='lat' dir='ltr'>incipit:</span> <span class='ocrx_word' id='word_1_45' title='bbox 1131 432 1185 472; x_wconf 73' lang='lat' dir='ltr'>‘et</span> <span class='ocrx_word' id='word_1_46' title='bbox 1229 447 1332 472; x_wconf 89' lang='lat' dir='ltr'>nunc</span> <span class='ocrx_word' id='word_1_47' title='bbox 1375 434 1450 472; x_wconf 87' lang='lat' dir='ltr'>iste</span> 
     </span>
     <span class='ocr_line' id='line_1_10' title="bbox 95 494 1451 544; baseline -0.001 -12"><span class='ocrx_word' id='word_1_48' title='bbox 95 506 253 532; x_wconf 88' lang='lat' dir='ltr'>securus</span> <span class='ocrx_word' id='word_1_49' title='bbox 295 494 523 532; x_wconf 79' lang='lat' dir='ltr'>incumbens</span> <span class='ocrx_word' id='word_1_50' title='bbox 568 495 774 544; x_wconf 84' lang='lat' dir='ltr'>praesepio</span> <span class='ocrx_word' id='word_1_51' title='bbox 820 495 1033 532; x_wconf 83' lang='lat' dir='ltr'>uoracitati</span> <span class='ocrx_word' id='word_1_52' title='bbox 1072 507 1166 532; x_wconf 89' lang='lat' dir='ltr'>suae</span> <span class='ocrx_word' id='word_1_53' title='bbox 1209 494 1380 532; x_wconf 88' lang='lat' dir='ltr'>deseruit</span> <span class='ocrx_word' id='word_1_54' title='bbox 1413 496 1451 531; x_wconf 88' lang='lat' dir='ltr'>et</span> 
     </span>
     <span class='ocr_line' id='line_1_11' title="bbox 93 553 1450 606; baseline 0 -16"><span class='ocrx_word' id='word_1_55' title='bbox 93 553 361 591; x_wconf 77' lang='lat' dir='ltr'>insatiabilem</span> <span class='ocrx_word' id='word_1_56' title='bbox 393 554 709 604; x_wconf 88' lang='lat' dir='ltr'>profundumque</span> <span class='ocrx_word' id='word_1_57' title='bbox 748 556 925 591; x_wconf 84' lang='lat' dir='ltr'>uentrem</span> <span class='ocrx_word' id='word_1_58' title='bbox 960 567 1114 606; x_wconf 83' lang='lat' dir='ltr'>semper</span> <span class='ocrx_word' id='word_1_59' title='bbox 1155 553 1334 591; x_wconf 88' lang='lat' dir='ltr'>esitando</span> <span class='ocrx_word' id='word_1_60' title='bbox 1374 553 1450 590; x_wconf 88' lang='lat' dir='ltr'>dis-</span> 
     </span>
     <span class='ocr_line' id='line_1_12' title="bbox 93 612 1449 651; baseline -0.001 -1"><span class='ocrx_word' id='word_1_61' title='bbox 93 613 222 651; x_wconf 84' lang='lat' dir='ltr'>tendit</span> <span class='ocrx_word' id='word_1_62' title='bbox 264 626 333 650; x_wconf 87' lang='lat' dir='ltr'>nec</span> <span class='ocrx_word' id='word_1_63' title='bbox 379 626 590 651; x_wconf 87' lang='lat' dir='ltr'>aerumnae</span> <span class='ocrx_word' id='word_1_64' title='bbox 644 627 754 651; x_wconf 86' lang='lat' dir='ltr'>meae</span> <span class='ocrx_word' id='word_1_65' title='bbox 807 615 1016 651; x_wconf 87' lang='lat' dir='ltr'>miseretur</span> <span class='ocrx_word' id='word_1_66' title='bbox 1059 614 1122 650; x_wconf 87' lang='lat' dir='ltr'>uel</span> <span class='ocrx_word' id='word_1_67' title='bbox 1176 612 1449 651; x_wconf 86' lang='lat' dir='ltr'>detestabilem</span> 
     </span>
     <span class='ocr_line' id='line_1_13' title="bbox 95 672 1449 724; baseline 0 -15"><span class='ocrx_word' id='word_1_68' title='bbox 95 684 231 710; x_wconf 88' lang='lat' dir='ltr'>casum</span> <span class='ocrx_word' id='word_1_69' title='bbox 263 672 439 710; x_wconf 73' lang='lat' dir='ltr'>defuncti</span> <span class='ocrx_word' id='word_1_70' title='bbox 472 675 654 724; x_wconf 73' lang='lat' dir='ltr'>magistri</span> <span class='ocrx_word' id='word_1_71' title='bbox 686 673 936 721; x_wconf 57' lang='lat' dir='ltr'>recordatum</span> <span class='ocrx_word' id='word_1_72' title='bbox 970 673 1036 711; x_wconf 88' lang='lat' dir='ltr'>sed</span> <span class='ocrx_word' id='word_1_73' title='bbox 1069 673 1220 710; x_wconf 89' lang='lat' dir='ltr'>scilicet</span> <span class='ocrx_word' id='word_1_74' title='bbox 1252 674 1449 710; x_wconf 84' lang='lat' dir='ltr'>senectam</span> 
     </span>
     <span class='ocr_line' id='line_1_14' title="bbox 94 732 1451 781; baseline 0 -12"><span class='ocrx_word' id='word_1_75' title='bbox 94 732 444 781; x_wconf 85' lang='lat' dir='ltr'>infirmitatemque</span> <span class='ocrx_word' id='word_1_76' title='bbox 470 745 598 770; x_wconf 81' lang='lat' dir='ltr'>ineam</span> <span class='ocrx_word' id='word_1_77' title='bbox 625 734 843 771; x_wconf 85' lang='lat' dir='ltr'>contemnit</span> <span class='ocrx_word' id='word_1_78' title='bbox 876 745 919 770; x_wconf 88' lang='lat' dir='ltr'>ac</span> <span class='ocrx_word' id='word_1_79' title='bbox 953 733 1121 781; x_wconf 85' lang='lat' dir='ltr'>despicit</span> <span class='ocrx_word' id='word_1_80' title='bbox 1153 736 1192 769; x_wconf 90' lang='lat' dir='ltr'>et</span> <span class='ocrx_word' id='word_1_81' title='bbox 1223 733 1384 780; x_wconf 85' lang='lat' dir='ltr'>impune</span> <span class='ocrx_word' id='word_1_82' title='bbox 1411 744 1451 769; x_wconf 85' lang='lat' dir='ltr'>se</span> 
     </span>
     <span class='ocr_line' id='line_1_15' title="bbox 94 791 1452 841; baseline 0 -13"><span class='ocrx_word' id='word_1_83' title='bbox 94 791 270 829; x_wconf 88' lang='lat' dir='ltr'>laturum</span> <span class='ocrx_word' id='word_1_84' title='bbox 301 794 460 829; x_wconf 88' lang='lat' dir='ltr'>tantum</span> <span class='ocrx_word' id='word_1_85' title='bbox 492 793 618 830; x_wconf 90' lang='lat' dir='ltr'>scelus</span> <span class='ocrx_word' id='word_1_86' title='bbox 652 793 788 830; x_wconf 89' lang='lat' dir='ltr'>credit.</span> <span class='ocrx_word' id='word_1_87' title='bbox 840 795 881 829; x_wconf 86' lang='lat' dir='ltr'>at</span> <span class='ocrx_word' id='word_1_88' title='bbox 913 795 1125 841; x_wconf 84' lang='lat' dir='ltr'>utcumque</span> <span class='ocrx_word' id='word_1_89' title='bbox 1159 805 1198 830; x_wconf 87' lang='lat' dir='ltr'>se</span> <span class='ocrx_word' id='word_1_90' title='bbox 1230 792 1452 841; x_wconf 88' lang='lat' dir='ltr'>praesumit</span> 
     </span>
     <span class='ocr_line' id='line_1_16' title="bbox 93 851 1452 902; baseline 0 -14"><span class='ocrx_word' id='word_1_91' title='bbox 93 852 359 899; x_wconf 77' lang='lat' dir='ltr'>innocentem3</span> <span class='ocrx_word' id='word_1_92' title='bbox 393 854 451 889; x_wconf 88' lang='lat' dir='ltr'>est</span> <span class='ocrx_word' id='word_1_93' title='bbox 478 852 581 889; x_wconf 86' lang='lat' dir='ltr'>enim</span> <span class='ocrx_word' id='word_1_94' title='bbox 609 864 827 902; x_wconf 83' lang='lat' dir='ltr'>congruens</span> <span class='ocrx_word' id='word_1_95' title='bbox 860 852 1041 901; x_wconf 84' lang='lat' dir='ltr'>pessimis</span> <span class='ocrx_word' id='word_1_96' title='bbox 1075 851 1280 890; x_wconf 87' lang='lat' dir='ltr'>conatibus</span> <span class='ocrx_word' id='word_1_97' title='bbox 1314 854 1452 889; x_wconf 89' lang='lat' dir='ltr'>contra</span> 
     </span>
     <span class='ocr_line' id='line_1_17' title="bbox 94 911 1448 960; baseline 0.001 -13"><span class='ocrx_word' id='word_1_98' title='bbox 94 911 252 948; x_wconf 88' lang='lat' dir='ltr'>noxiam</span> <span class='ocrx_word' id='word_1_99' title='bbox 285 912 566 948; x_wconf 84' lang='lat' dir='ltr'>conscientiam</span> <span class='ocrx_word' id='word_1_100' title='bbox 599 924 756 960; x_wconf 84' lang='lat' dir='ltr'>sperare</span> <span class='ocrx_word' id='word_1_101' title='bbox 784 913 1048 949; x_wconf 83' lang='lat' dir='ltr'>securitatem.</span> <span class='ocrx_word' id='word_1_102' title='bbox 1111 924 1203 948; x_wconf 91' lang='lat' dir='ltr'>nam</span> <span class='ocrx_word' id='word_1_103' title='bbox 1236 924 1307 960; x_wconf 92' lang='lat' dir='ltr'>pro</span> <span class='ocrx_word' id='word_1_104' title='bbox 1335 911 1448 948; x_wconf 85' lang='lat' dir='ltr'>deum</span> 
     </span>
     <span class='ocr_line' id='line_1_18' title="bbox 93 970 1449 1020; baseline 0.001 -14"><span class='ocrx_word' id='word_1_105' title='bbox 93 970 222 1017; x_wconf 77' lang='lat' dir='ltr'>fidem,</span> <span class='ocrx_word' id='word_1_106' title='bbox 255 970 478 1019; x_wconf 82' lang='lat' dir='ltr'>quadrupes</span> <span class='ocrx_word' id='word_1_107' title='bbox 507 971 760 1020; x_wconf 68' lang='lat' dir='ltr'>nequissime,</span> <span class='ocrx_word' id='word_1_108' title='bbox 793 971 885 1009; x_wconf 87' lang='lat' dir='ltr'>licet</span> <span class='ocrx_word' id='word_1_109' title='bbox 910 971 1129 1020; x_wconf 85' lang='lat' dir='ltr'>precariam</span> <span class='ocrx_word' id='word_1_110' title='bbox 1156 971 1263 1008; x_wconf 90' lang='lat' dir='ltr'>uocis</span> <span class='ocrx_word' id='word_1_111' title='bbox 1290 983 1449 1008; x_wconf 83' lang='lat' dir='ltr'>usuram</span> 
     </span>
     <span class='ocr_line' id='line_1_19' title="bbox 95 1030 1449 1080; baseline 0.001 -14"><span class='ocrx_word' id='word_1_112' title='bbox 95 1042 286 1076; x_wconf 73' lang='lat' dir='ltr'>sumeres,</span> <span class='ocrx_word' id='word_1_113' title='bbox 332 1031 395 1067; x_wconf 85' lang='lat' dir='ltr'>cui</span> <span class='ocrx_word' id='word_1_114' title='bbox 437 1031 597 1067; x_wconf 83' lang='lat' dir='ltr'>tandem</span> <span class='ocrx_word' id='word_1_115' title='bbox 644 1031 707 1068; x_wconf 88' lang='lat' dir='ltr'>uel</span> <span class='ocrx_word' id='word_1_116' title='bbox 751 1031 1000 1079; x_wconf 85' lang='lat' dir='ltr'>ineptissimo</span> <span class='ocrx_word' id='word_1_117' title='bbox 1044 1030 1279 1079; x_wconf 83' lang='lat' dir='ltr'>persuadere</span> <span class='ocrx_word' id='word_1_118' title='bbox 1324 1030 1449 1080; x_wconf 89' lang='lat' dir='ltr'>possis</span> 
     </span>
     <span class='ocr_line' id='line_1_20' title="bbox 95 1086 1450 1140; baseline 0.001 -14"><span class='ocrx_word' id='word_1_119' title='bbox 95 1086 404 1139; x_wconf 75' lang='lat' dir='ltr'>atrocitate&lt;m&gt;</span> <span class='ocrx_word' id='word_1_120' title='bbox 429 1090 548 1127; x_wconf 88' lang='lat' dir='ltr'>istam</span> <span class='ocrx_word' id='word_1_121' title='bbox 575 1091 692 1139; x_wconf 89' lang='lat' dir='ltr'>culpa</span> <span class='ocrx_word' id='word_1_122' title='bbox 718 1103 860 1138; x_wconf 83' lang='lat' dir='ltr'>carere,</span> <span class='ocrx_word' id='word_1_123' title='bbox 888 1103 975 1128; x_wconf 89' lang='lat' dir='ltr'>cum</span> <span class='ocrx_word' id='word_1_124' title='bbox 1006 1103 1256 1140; x_wconf 81' lang='lat' dir='ltr'>propugnare</span> <span class='ocrx_word' id='word_1_125' title='bbox 1283 1090 1450 1138; x_wconf 85' lang='lat' dir='ltr'>pedibus</span> 
     </span>
     <span class='ocr_line' id='line_1_21' title="bbox 94 1149 1451 1199; baseline 0 -13"><span class='ocrx_word' id='word_1_126' title='bbox 94 1152 132 1186; x_wconf 87' lang='lat' dir='ltr'>et</span> <span class='ocrx_word' id='word_1_127' title='bbox 176 1161 305 1186; x_wconf 88' lang='lat' dir='ltr'>arcere</span> <span class='ocrx_word' id='word_1_128' title='bbox 349 1149 545 1188; x_wconf 87' lang='lat' dir='ltr'>morsibus</span> <span class='ocrx_word' id='word_1_129' title='bbox 589 1150 743 1188; x_wconf 86' lang='lat' dir='ltr'>misello</span> <span class='ocrx_word' id='word_1_130' title='bbox 789 1163 908 1197; x_wconf 84' lang='lat' dir='ltr'>puero</span> <span class='ocrx_word' id='word_1_131' title='bbox 948 1149 1155 1198; x_wconf 70' lang='lat' dir='ltr'>potueris?</span> <span class='ocrx_word' id='word_1_132' title='bbox 1226 1162 1276 1186; x_wconf 91' lang='lat' dir='ltr'>an</span> <span class='ocrx_word' id='word_1_133' title='bbox 1320 1150 1451 1199; x_wconf 87' lang='lat' dir='ltr'>ipsum</span> 
     </span>
     <span class='ocr_line' id='line_1_22' title="bbox 95 1208 1451 1258; baseline 0.001 -14"><span class='ocrx_word' id='word_1_134' title='bbox 95 1208 252 1257; x_wconf 90' lang='lat' dir='ltr'>quidem</span> <span class='ocrx_word' id='word_1_135' title='bbox 297 1210 453 1257; x_wconf 85' lang='lat' dir='ltr'>saepius</span> <span class='ocrx_word' id='word_1_136' title='bbox 497 1211 698 1247; x_wconf 84' lang='lat' dir='ltr'>incursare</span> <span class='ocrx_word' id='word_1_137' title='bbox 754 1209 926 1247; x_wconf 81' lang='lat' dir='ltr'>calcibus</span> <span class='ocrx_word' id='word_1_138' title='bbox 972 1210 1163 1258; x_wconf 77' lang='lat' dir='ltr'>potuisti,</span> <span class='ocrx_word' id='word_1_139' title='bbox 1214 1209 1451 1247; x_wconf 74' lang='lat' dir='ltr'>moriturum</span> 
     </span>
     <span class='ocr_line' id='line_1_23' title="bbox 94 1267 1450 1318; baseline 0.001 -14"><span class='ocrx_word' id='word_1_140' title='bbox 94 1280 187 1305; x_wconf 86' lang='lat' dir='ltr'>uero</span> <span class='ocrx_word' id='word_1_141' title='bbox 221 1267 426 1305; x_wconf 84' lang='lat' dir='ltr'>defendere</span> <span class='ocrx_word' id='word_1_142' title='bbox 460 1269 667 1307; x_wconf 85' lang='lat' dir='ltr'>alacritate</span> <span class='ocrx_word' id='word_1_143' title='bbox 700 1269 822 1307; x_wconf 86' lang='lat' dir='ltr'>simili</span> <span class='ocrx_word' id='word_1_144' title='bbox 849 1268 1050 1318; x_wconf 69' lang='lat' dir='ltr'>nequisti?</span> <span class='ocrx_word' id='word_1_145' title='bbox 1113 1271 1216 1307; x_wconf 85' lang='lat' dir='ltr'>certe</span> <span class='ocrx_word' id='word_1_146' title='bbox 1250 1269 1365 1306; x_wconf 89' lang='lat' dir='ltr'>dorso</span> <span class='ocrx_word' id='word_1_147' title='bbox 1392 1283 1450 1306; x_wconf 89' lang='lat' dir='ltr'>re-</span> 
     </span>
     <span class='ocr_line' id='line_1_24' title="bbox 94 1328 1448 1377; baseline 0.001 -12"><span class='ocrx_word' id='word_1_148' title='bbox 94 1329 250 1376; x_wconf 86' lang='lat' dir='ltr'>ceptum</span> <span class='ocrx_word' id='word_1_149' title='bbox 290 1328 462 1366; x_wconf 86' lang='lat' dir='ltr'>auferres</span> <span class='ocrx_word' id='word_1_150' title='bbox 502 1330 682 1377; x_wconf 79' lang='lat' dir='ltr'>protinus</span> <span class='ocrx_word' id='word_1_151' title='bbox 722 1331 761 1367; x_wconf 89' lang='lat' dir='ltr'>et</span> <span class='ocrx_word' id='word_1_152' title='bbox 799 1329 932 1366; x_wconf 89' lang='lat' dir='ltr'>infesti</span> <span class='ocrx_word' id='word_1_153' title='bbox 966 1329 1131 1366; x_wconf 88' lang='lat' dir='ltr'>latronis</span> <span class='ocrx_word' id='word_1_154' title='bbox 1165 1330 1335 1366; x_wconf 84' lang='lat' dir='ltr'>cruentis</span> <span class='ocrx_word' id='word_1_155' title='bbox 1368 1342 1448 1366; x_wconf 91' lang='lat' dir='ltr'>ma-</span> 
     </span>
     <span class='ocr_line' id='line_1_25' title="bbox 92 1387 1450 1437; baseline 0.002 -14"><span class='ocrx_word' id='word_1_156' title='bbox 92 1387 207 1424; x_wconf 88' lang='lat' dir='ltr'>nibus</span> <span class='ocrx_word' id='word_1_157' title='bbox 247 1387 437 1436; x_wconf 73' lang='lat' dir='ltr'>eriperes,</span> <span class='ocrx_word' id='word_1_158' title='bbox 481 1392 725 1437; x_wconf 87' lang='lat' dir='ltr'>postremum</span> <span class='ocrx_word' id='word_1_159' title='bbox 770 1389 925 1426; x_wconf 86' lang='lat' dir='ltr'>deserto</span> <span class='ocrx_word' id='word_1_160' title='bbox 971 1388 1199 1437; x_wconf 87' lang='lat' dir='ltr'>deiectoque</span> <span class='ocrx_word' id='word_1_161' title='bbox 1243 1388 1314 1426; x_wconf 90' lang='lat' dir='ltr'>illo</span> <span class='ocrx_word' id='word_1_162' title='bbox 1361 1401 1450 1426; x_wconf 89' lang='lat' dir='ltr'>con-</span> 
     </span>
     <span class='ocr_line' id='line_1_26' title="bbox 93 1447 1450 1497; baseline 0.001 -13"><span class='ocrx_word' id='word_1_163' title='bbox 93 1459 207 1484; x_wconf 88' lang='lat' dir='ltr'>seruo</span> <span class='ocrx_word' id='word_1_164' title='bbox 246 1447 436 1496; x_wconf 82' lang='lat' dir='ltr'>magistro</span> <span class='ocrx_word' id='word_1_165' title='bbox 475 1449 617 1485; x_wconf 85' lang='lat' dir='ltr'>comite</span> <span class='ocrx_word' id='word_1_166' title='bbox 656 1450 814 1497; x_wconf 86' lang='lat' dir='ltr'>pastore</span> <span class='ocrx_word' id='word_1_167' title='bbox 856 1460 933 1485; x_wconf 90' lang='lat' dir='ltr'>non</span> <span class='ocrx_word' id='word_1_168' title='bbox 975 1448 1080 1486; x_wconf 88' lang='lat' dir='ltr'>solus</span> <span class='ocrx_word' id='word_1_169' title='bbox 1115 1448 1336 1497; x_wconf 85' lang='lat' dir='ltr'>aufugeres.</span> <span class='ocrx_word' id='word_1_170' title='bbox 1400 1461 1450 1485; x_wconf 89' lang='lat' dir='ltr'>an</span> 
     </span>
     <span class='ocr_line' id='line_1_27' title="bbox 93 1507 1450 1556; baseline 0.001 -14"><span class='ocrx_word' id='word_1_171' title='bbox 93 1507 251 1556; x_wconf 85' lang='lat' dir='ltr'>ignoras</span> <span class='ocrx_word' id='word_1_172' title='bbox 285 1519 350 1544; x_wconf 93' lang='lat' dir='ltr'>eos</span> <span class='ocrx_word' id='word_1_173' title='bbox 383 1508 515 1554; x_wconf 81' lang='lat' dir='ltr'>etiam,</span> <span class='ocrx_word' id='word_1_174' title='bbox 561 1507 629 1556; x_wconf 85' lang='lat' dir='ltr'>qui</span> <span class='ocrx_word' id='word_1_175' title='bbox 661 1508 861 1545; x_wconf 80' lang='lat' dir='ltr'>morituris</span> <span class='ocrx_word' id='word_1_176' title='bbox 902 1507 1095 1544; x_wconf 79' lang='lat' dir='ltr'>auxilium</span> <span class='ocrx_word' id='word_1_177' title='bbox 1130 1508 1303 1545; x_wconf 86' lang='lat' dir='ltr'>salutare</span> <span class='ocrx_word' id='word_1_178' title='bbox 1336 1507 1450 1544; x_wconf 87' lang='lat' dir='ltr'>dene-</span> 
     </span>
     <span class='ocr_line' id='line_1_28' title="bbox 93 1566 1451 1616; baseline 0.002 -14"><span class='ocrx_word' id='word_1_179' title='bbox 93 1566 238 1616; x_wconf 74' lang='lat' dir='ltr'>garint⁷</span> <span class='ocrx_word' id='word_1_180' title='bbox 271 1566 376 1614; x_wconf 81' lang='lat' dir='ltr'>quod</span> <span class='ocrx_word' id='word_1_181' title='bbox 408 1568 545 1604; x_wconf 88' lang='lat' dir='ltr'>contra</span> <span class='ocrx_word' id='word_1_182' title='bbox 576 1567 697 1605; x_wconf 89' lang='lat' dir='ltr'>bonos</span> <span class='ocrx_word' id='word_1_183' title='bbox 724 1580 851 1605; x_wconf 87' lang='lat' dir='ltr'>mores</span> <span class='ocrx_word' id='word_1_184' title='bbox 884 1567 924 1604; x_wconf 91' lang='lat' dir='ltr'>id</span> <span class='ocrx_word' id='word_1_185' title='bbox 955 1569 1085 1616; x_wconf 89' lang='lat' dir='ltr'>ipsum</span> <span class='ocrx_word' id='word_1_186' title='bbox 1117 1568 1294 1615; x_wconf 80' lang='lat' dir='ltr'>fecerint,</span> <span class='ocrx_word' id='word_1_187' title='bbox 1327 1568 1451 1605; x_wconf 87' lang='lat' dir='ltr'>solere</span> 
     </span>
     <span class='ocr_line' id='line_1_29' title="bbox 95 1624 1449 1674; baseline 0.002 -13"><span class='ocrx_word' id='word_1_188' title='bbox 95 1624 257 1674; x_wconf 73' lang='lat' dir='ltr'>puniri?</span> <span class='ocrx_word' id='word_1_189' title='bbox 320 1625 385 1662; x_wconf 84' lang='lat' dir='ltr'>sed</span> <span class='ocrx_word' id='word_1_190' title='bbox 418 1638 496 1663; x_wconf 88' lang='lat' dir='ltr'>non</span> <span class='ocrx_word' id='word_1_191' title='bbox 534 1626 682 1664; x_wconf 86' lang='lat' dir='ltr'>diutius</span> <span class='ocrx_word' id='word_1_192' title='bbox 715 1629 810 1664; x_wconf 87' lang='lat' dir='ltr'>meis</span> <span class='ocrx_word' id='word_1_193' title='bbox 847 1626 1023 1665; x_wconf 89' lang='lat' dir='ltr'>cladibus</span> <span class='ocrx_word' id='word_1_194' title='bbox 1058 1626 1281 1674; x_wconf 81' lang='lat' dir='ltr'>laetaberis,</span> <span class='ocrx_word' id='word_1_195' title='bbox 1325 1627 1449 1664; x_wconf 87' lang='lat' dir='ltr'>homi-</span> 
     </span>
     <span class='ocr_line' id='line_1_30' title="bbox 93 1684 1449 1733; baseline 0.003 -13"><span class='ocrx_word' id='word_1_196' title='bbox 93 1684 192 1722; x_wconf 88' lang='lat' dir='ltr'>cida.</span> <span class='ocrx_word' id='word_1_197' title='bbox 255 1686 410 1732; x_wconf 87' lang='lat' dir='ltr'>senties,</span> <span class='ocrx_word' id='word_1_198' title='bbox 456 1685 637 1733; x_wconf 82' lang='lat' dir='ltr'>efficiam,</span> <span class='ocrx_word' id='word_1_199' title='bbox 676 1687 818 1724; x_wconf 87' lang='lat' dir='ltr'>misero</span> <span class='ocrx_word' id='word_1_200' title='bbox 852 1686 979 1724; x_wconf 90' lang='lat' dir='ltr'>dolori</span> <span class='ocrx_word' id='word_1_201' title='bbox 1011 1687 1213 1724; x_wconf 85' lang='lat' dir='ltr'>naturales</span> <span class='ocrx_word' id='word_1_202' title='bbox 1245 1687 1349 1724; x_wconf 87' lang='lat' dir='ltr'>uires</span> <span class='ocrx_word' id='word_1_203' title='bbox 1384 1687 1449 1724; x_wconf 90' lang='lat' dir='ltr'>ad-</span> 
     </span>
    </p>
   </div>
   <div class='ocr_carea' id='block_1_6' title="bbox 93 1773 1371 1869">
    <p class='ocr_par' dir='ltr' id='par_1_6' title="bbox 93 1773 1371 1869">
     <span class='ocr_line' id='line_1_31' title="bbox 190 1773 1333 1819; baseline 0.003 -12"><span class='ocrx_word' id='word_1_204' title='bbox 190 1773 216 1807; x_wconf 93' lang='lat' dir='ltr'><strong>F</strong></span> <span class='ocrx_word' id='word_1_205' title='bbox 240 1773 336 1808; x_wconf 71' lang='lat' dir='ltr'>158b.</span> <span class='ocrx_word' id='word_1_206' title='bbox 378 1788 403 1819; x_wconf 72' lang='grc' dir='ltr'><strong>φ</strong></span> <span class='ocrx_word' id='word_1_207' title='bbox 427 1780 498 1810; x_wconf 72' lang='lat'>52³.</span> <span class='ocrx_word' id='word_1_208' title='bbox 653 1781 668 1810; x_wconf 93' lang='lat'>1</span> <span class='ocrx_word' id='word_1_209' title='bbox 710 1777 759 1811; x_wconf 78' lang='lat' dir='ltr'>ad</span> <span class='ocrx_word' id='word_1_210' title='bbox 798 1776 927 1811; x_wconf 76' lang='lat' dir='ltr'>datum</span> <span class='ocrx_word' id='word_1_211' title='bbox 965 1789 1008 1810; x_wconf 84' lang='lat' dir='ltr'>m.</span> <span class='ocrx_word' id='word_1_212' title='bbox 1048 1788 1114 1811; x_wconf 73' lang='lat' dir='ltr'>rec.</span> <span class='ocrx_word' id='word_1_213' title='bbox 1155 1777 1239 1811; x_wconf 80' lang='lat' dir='ltr'>add.</span> <span class='ocrx_word' id='word_1_214' title='bbox 1280 1776 1333 1810; x_wconf 73' lang='lat' dir='ltr'>est</span> 
     </span>
     <span class='ocr_line' id='line_1_32' title="bbox 93 1821 1371 1869; baseline 0.002 -13"><span class='ocrx_word' id='word_1_215' title='bbox 93 1821 228 1856; x_wconf 71' lang='lat' dir='ltr'>acerba</span> <span class='ocrx_word' id='word_1_216' title='bbox 250 1822 296 1856; x_wconf 80' lang='grc' dir='ltr'>αῖ.</span> <span class='ocrx_word' id='word_1_217' title='bbox 320 1834 361 1856; x_wconf 83' lang='lat' dir='ltr'>m.</span> <span class='ocrx_word' id='word_1_218' title='bbox 383 1823 406 1856; x_wconf 79' lang='lat' dir='ltr'>b</span> <span class='ocrx_word' id='word_1_219' title='bbox 434 1834 523 1858; x_wconf 75' lang='lat' dir='ltr'>corr.</span> <span class='ocrx_word' id='word_1_220' title='bbox 546 1835 589 1858; x_wconf 70' lang='lat' dir='ltr'>em</span> <span class='ocrx_word' id='word_1_221' title='bbox 609 1835 631 1857; x_wconf 88' lang='lat' dir='ltr'>u</span> <span class='ocrx_word' id='word_1_222' title='bbox 659 1826 715 1869; x_wconf 62' lang='grc' dir='ltr'>(φ’)</span> <span class='ocrx_word' id='word_1_223' title='bbox 813 1828 834 1858; x_wconf 84' lang='lat'>4</span> <span class='ocrx_word' id='word_1_224' title='bbox 855 1826 978 1859; x_wconf 79' lang='lat' dir='ltr'>exerte</span> <span class='ocrx_word' id='word_1_225' title='bbox 1005 1825 1157 1859; x_wconf 76' lang='lat' dir='ltr'>Stewech</span> <span class='ocrx_word' id='word_1_226' title='bbox 1177 1825 1222 1867; x_wconf 85' lang='lat' dir='ltr'>cf.</span> <span class='ocrx_word' id='word_1_227' title='bbox 1238 1826 1371 1866; x_wconf 74' lang='lat'><em>126,13</em></span> 
     </span>
    </p>
   </div>
   <div class='ocr_carea' id='block_1_7' title="bbox 93 1868 1449 2012">
    <p class='ocr_par' dir='ltr' id='par_1_7' title="bbox 93 1868 1449 2012">
     <span class='ocr_line' id='line_1_33' title="bbox 93 1868 1449 1941; baseline 0.001 -13"><span class='ocrx_word' id='word_1_228' title='bbox 93 1898 113 1928; x_wconf 78' lang='grc'>8</span> <span class='ocrx_word' id='word_1_229' title='bbox 140 1868 293 1929; x_wconf 54' lang='lat' dir='ltr'>misere}</span> <span class='ocrx_word' id='word_1_230' title='bbox 316 1869 472 1939; x_wconf 48' lang='grc' dir='ltr'>(λαίφη.</span> <span class='ocrx_word' id='word_1_231' title='bbox 494 1896 571 1938; x_wconf 76' lang='lat' dir='ltr'>ref.,</span> <span class='ocrx_word' id='word_1_232' title='bbox 600 1895 749 1930; x_wconf 69' lang='lat' dir='ltr'>dubium</span> <span class='ocrx_word' id='word_1_233' title='bbox 776 1896 936 1938; x_wconf 74' lang='lat' dir='ltr'>fueritne</span> <span class='ocrx_word' id='word_1_234' title='bbox 956 1896 1020 1940; x_wconf 70' lang='lat' dir='ltr'>id.)</span> <span class='ocrx_word' id='word_1_235' title='bbox 1144 1899 1184 1930; x_wconf 91' lang='lat'>11</span> <span class='ocrx_word' id='word_1_236' title='bbox 1214 1896 1333 1930; x_wconf 85' lang='lat' dir='ltr'>credit</span> <span class='ocrx_word' id='word_1_237' title='bbox 1360 1924 1366 1930; x_wconf 92' lang='lat'>.</span> <span class='ocrx_word' id='word_1_238' title='bbox 1395 1896 1449 1941; x_wconf 72' lang='lat' dir='ltr'>at}</span> 
     </span>
     <span class='ocr_line' id='line_1_34' title="bbox 93 1947 1448 2012; baseline 0 -12"><span class='ocrx_word' id='word_1_239' title='bbox 93 1966 253 2000; x_wconf 82' lang='lat' dir='ltr'>creditat</span> <span class='ocrx_word' id='word_1_240' title='bbox 281 1966 405 2001; x_wconf 79' lang='lat' dir='ltr'>Rohcle</span> <span class='ocrx_word' id='word_1_241' title='bbox 596 1947 643 2000; x_wconf 67' lang='lat' dir='ltr'>afr</span> <span class='ocrx_word' id='word_1_242' title='bbox 675 1969 751 2012; x_wconf 67' lang='lat' dir='ltr'>(em.</span> <span class='ocrx_word' id='word_1_243' title='bbox 788 1967 865 2002; x_wconf 79' lang='lat' dir='ltr'>ead.</span> <span class='ocrx_word' id='word_1_244' title='bbox 906 1968 964 2012; x_wconf 76' lang='lat' dir='ltr'>m.)</span> <span class='ocrx_word' id='word_1_245' title='bbox 1040 1980 1085 2011; x_wconf 75' lang='lat' dir='ltr'>‹pz</span> <span class='ocrx_word' id='word_1_246' title='bbox 1113 1969 1151 2001; x_wconf 88' lang='lat' dir='ltr'>at</span> <span class='ocrx_word' id='word_1_247' title='bbox 1220 1969 1332 2011; x_wconf 74' lang='lat' dir='ltr'>atque</span> <span class='ocrx_word' id='word_1_248' title='bbox 1360 1980 1378 2002; x_wconf 79' lang='lat' dir='ltr'><em>v</em></span> <span class='ocrx_word' id='word_1_249' title='bbox 1412 1969 1448 2001; x_wconf 89' lang='lat' dir='ltr'>et</span> 
     </span>
    </p>
   </div>
   <div class='ocr_carea' id='block_1_8' title="bbox 90 2013 1450 2390">
    <p class='ocr_par' dir='ltr' id='par_1_8' title="bbox 90 2013 1450 2249">
     <span class='ocr_line' id='line_1_35' title="bbox 93 2013 1447 2061; baseline 0 -13"><span class='ocrx_word' id='word_1_250' title='bbox 93 2014 182 2048; x_wconf 58' lang='lat' dir='ltr'>Prie</span> <span class='ocrx_word' id='word_1_251' title='bbox 288 2013 418 2058; x_wconf 83' lang='lat' dir='ltr'>utique</span> <span class='ocrx_word' id='word_1_252' title='bbox 433 2015 521 2049; x_wconf 71' lang='lat' dir='ltr'>Prie</span> <span class='ocrx_word' id='word_1_253' title='bbox 546 2015 589 2056; x_wconf 71' lang='lat' dir='ltr'>cf,</span> <span class='ocrx_word' id='word_1_254' title='bbox 614 2017 746 2057; x_wconf 73' lang='lat'><strong><em>126,19</em></strong></span> <span class='ocrx_word' id='word_1_255' title='bbox 845 2019 887 2049; x_wconf 75' lang='lat'>12</span> <span class='ocrx_word' id='word_1_256' title='bbox 915 2015 1035 2049; x_wconf 81' lang='lat' dir='ltr'>innoc.</span> <span class='ocrx_word' id='word_1_257' title='bbox 1056 2015 1101 2058; x_wconf 81' lang='lat' dir='ltr'>ef.</span> <span class='ocrx_word' id='word_1_258' title='bbox 1117 2015 1220 2060; x_wconf 77' lang='lat' dir='ltr'>Corp.</span> <span class='ocrx_word' id='word_1_259' title='bbox 1241 2016 1345 2061; x_wconf 75' lang='lat' dir='ltr'>yloss.</span> <span class='ocrx_word' id='word_1_260' title='bbox 1363 2016 1447 2050; x_wconf 75' lang='lat' dir='ltr'>Lat.</span> 
     </span>
     <span class='ocr_line' id='line_1_36' title="bbox 100 2061 1448 2108; baseline 0.001 -13"><span class='ocrx_word' id='word_1_261' title='bbox 100 2062 157 2095; x_wconf 88' lang='lat' dir='ltr'>VI</span> <span class='ocrx_word' id='word_1_262' title='bbox 173 2064 264 2096; x_wconf 69' lang='lat'><em>530.-</em></span> <span class='ocrx_word' id='word_1_263' title='bbox 291 2061 465 2108; x_wconf 76' lang='grc' dir='ltr'>ἀβλαβής,</span> <span class='ocrx_word' id='word_1_264' title='bbox 492 2063 619 2104; x_wconf 75' lang='grc' dir='ltr'><em>ἀθῷος</em></span> <span class='ocrx_word' id='word_1_265' title='bbox 790 2066 832 2096; x_wconf 82' lang='grc'>13</span> <span class='ocrx_word' id='word_1_266' title='bbox 859 2073 990 2106; x_wconf 82' lang='lat' dir='ltr'>parare</span> <span class='ocrx_word' id='word_1_267' title='bbox 1017 2063 1063 2097; x_wconf 81' lang='lat' dir='ltr'>vd</span> <span class='ocrx_word' id='word_1_268' title='bbox 1074 2063 1123 2097; x_wconf 82' lang='lat' dir='ltr'>Vl</span> <span class='ocrx_word' id='word_1_269' title='bbox 1282 2067 1324 2097; x_wconf 85' lang='lat'>16</span> <span class='ocrx_word' id='word_1_270' title='bbox 1351 2066 1448 2097; x_wconf 79' lang='lat' dir='ltr'>atro-</span> 
     </span>
     <span class='ocr_line' id='line_1_37' title="bbox 93 2108 1448 2154; baseline 0.001 -12"><span class='ocrx_word' id='word_1_271' title='bbox 93 2108 208 2143; x_wconf 85' lang='lat' dir='ltr'>citate</span> <span class='ocrx_word' id='word_1_272' title='bbox 235 2110 290 2153; x_wconf 60' lang='grc' dir='ltr'>(φ)</span> <span class='ocrx_word' id='word_1_273' title='bbox 317 2121 379 2144; x_wconf 76' lang='lat' dir='ltr'>em.</span> <span class='ocrx_word' id='word_1_274' title='bbox 410 2122 426 2144; x_wconf 82' lang='lat' dir='ltr'><strong><em>v</em></strong></span> <span class='ocrx_word' id='word_1_275' title='bbox 547 2110 617 2144; x_wconf 65' lang='lat' dir='ltr'>ista</span> <span class='ocrx_word' id='word_1_276' title='bbox 644 2115 684 2145; x_wconf 79' lang='lat' dir='ltr'>ut</span> <span class='ocrx_word' id='word_1_277' title='bbox 712 2110 792 2153; x_wconf 50' lang='lat' dir='ltr'>vid„</span> <span class='ocrx_word' id='word_1_278' title='bbox 819 2111 881 2144; x_wconf 82' lang='lat' dir='ltr'>sed</span> <span class='ocrx_word' id='word_1_279' title='bbox 900 2113 913 2119; x_wconf 78' lang='grc'><strong>”</strong></span> <span class='ocrx_word' id='word_1_280' title='bbox 936 2111 1018 2145; x_wconf 75' lang='lat' dir='ltr'>dub.</span> <span class='ocrx_word' id='word_1_281' title='bbox 1072 2123 1116 2154; x_wconf 70' lang='lat' dir='ltr'>qo:</span> <span class='ocrx_word' id='word_1_282' title='bbox 1138 2110 1207 2144; x_wconf 82' lang='lat' dir='ltr'>ista</span> <span class='ocrx_word' id='word_1_283' title='bbox 1336 2110 1448 2154; x_wconf 84' lang='lat' dir='ltr'>culpa</span> 
     </span>
     <span class='ocr_line' id='line_1_38' title="bbox 94 2156 1450 2203; baseline 0.001 -13"><span class='ocrx_word' id='word_1_284' title='bbox 94 2156 214 2202; x_wconf 77' lang='lat' dir='ltr'>(tua)</span> <span class='ocrx_word' id='word_1_285' title='bbox 243 2157 411 2191; x_wconf 61' lang='lat' dir='ltr'>Bursian</span> <span class='ocrx_word' id='word_1_286' title='bbox 585 2169 699 2202; x_wconf 70' lang='lat' dir='ltr'>supra</span> <span class='ocrx_word' id='word_1_287' title='bbox 727 2168 850 2191; x_wconf 86' lang='lat' dir='ltr'>carere</span> <span class='ocrx_word' id='word_1_288' title='bbox 877 2158 1019 2202; x_wconf 67' lang='lat' dir='ltr'>aliquid</span> <span class='ocrx_word' id='word_1_289' title='bbox 1045 2170 1157 2199; x_wconf 79' lang='lat' dir='ltr'>eras.;</span> <span class='ocrx_word' id='word_1_290' title='bbox 1182 2163 1450 2203; x_wconf 66' lang='lat' dir='ltr'>coquos-cuntur</span> 
     </span>
     <span class='ocr_line' id='line_1_39' title="bbox 90 2204 1375 2249; baseline 0.002 -12"><span class='ocrx_word' id='word_1_291' title='bbox 90 2216 145 2247; x_wconf 77' lang='lat' dir='ltr'>pr.</span> <span class='ocrx_word' id='word_1_292' title='bbox 175 2204 240 2238; x_wconf 67' lang='lat' dir='ltr'>litt.</span> <span class='ocrx_word' id='word_1_293' title='bbox 269 2216 291 2237; x_wconf 89' lang='lat' dir='ltr'>u</span> <span class='ocrx_word' id='word_1_294' title='bbox 319 2209 350 2238; x_wconf 75' lang='lat' dir='ltr'>et</span> <span class='ocrx_word' id='word_1_295' title='bbox 375 2209 517 2239; x_wconf 75' lang='lat' dir='ltr'>eaetrem.</span> <span class='ocrx_word' id='word_1_296' title='bbox 544 2215 583 2239; x_wconf 84' lang='lat' dir='ltr'>re</span> <span class='ocrx_word' id='word_1_297' title='bbox 646 2218 693 2249; x_wconf 70' lang='lat' dir='ltr'>tp:</span> <span class='ocrx_word' id='word_1_298' title='bbox 714 2215 849 2239; x_wconf 84' lang='lat' dir='ltr'>uacare</span> <span class='ocrx_word' id='word_1_299' title='bbox 986 2209 1028 2239; x_wconf 82' lang='lat'>18</span> <span class='ocrx_word' id='word_1_300' title='bbox 1054 2206 1235 2241; x_wconf 71' lang='lat' dir='ltr'>moritura</span> <span class='ocrx_word' id='word_1_301' title='bbox 1262 2218 1325 2240; x_wconf 77' lang='lat' dir='ltr'>em.</span> <span class='ocrx_word' id='word_1_302' title='bbox 1349 2219 1375 2249; x_wconf 83' lang='grc' dir='ltr'><strong>φ</strong></span> 
     </span>
    </p>

    <p class='ocr_par' dir='ltr' id='par_1_9' title="bbox 93 2251 1449 2390">
     <span class='ocr_line' id='line_1_40' title="bbox 94 2251 1449 2297; baseline 0.001 -13"><span class='ocrx_word' id='word_1_303' title='bbox 94 2255 134 2285; x_wconf 80' lang='lat'>21</span> <span class='ocrx_word' id='word_1_304' title='bbox 165 2251 353 2295; x_wconf 76' lang='lat' dir='ltr'>deiect0q3</span> <span class='ocrx_word' id='word_1_305' title='bbox 390 2254 446 2296; x_wconf 64' lang='lat' dir='ltr'>(cp)</span> <span class='ocrx_word' id='word_1_306' title='bbox 472 2253 512 2285; x_wconf 71' lang='lat' dir='ltr'>in</span> <span class='ocrx_word' id='word_1_307' title='bbox 538 2264 606 2297; x_wconf 71' lang='lat' dir='ltr'>my.</span> <span class='ocrx_word' id='word_1_308' title='bbox 634 2253 711 2287; x_wconf 78' lang='lat' dir='ltr'>ead.</span> <span class='ocrx_word' id='word_1_309' title='bbox 740 2257 779 2286; x_wconf 72' lang='lat' dir='ltr'>ut</span> <span class='ocrx_word' id='word_1_310' title='bbox 806 2253 876 2287; x_wconf 72' lang='lat' dir='ltr'>vid.</span> <span class='ocrx_word' id='word_1_311' title='bbox 903 2265 949 2287; x_wconf 61' lang='lat' dir='ltr'>sm.</span> <span class='ocrx_word' id='word_1_312' title='bbox 987 2253 1164 2287; x_wconf 82' lang='lat' dir='ltr'>derelicto</span> <span class='ocrx_word' id='word_1_313' title='bbox 1307 2258 1349 2288; x_wconf 74' lang='lat'>22</span> <span class='ocrx_word' id='word_1_314' title='bbox 1377 2264 1449 2286; x_wconf 90' lang='lat' dir='ltr'>non</span> 
     </span>
     <span class='ocr_line' id='line_1_41' title="bbox 93 2299 1449 2345; baseline 0.002 -13"><span class='ocrx_word' id='word_1_315' title='bbox 93 2303 176 2333; x_wconf 77' lang='lat' dir='ltr'>mete</span> <span class='ocrx_word' id='word_1_316' title='bbox 209 2299 354 2333; x_wconf 82' lang='lat' dir='ltr'>deserto</span> <span class='ocrx_word' id='word_1_317' title='bbox 382 2304 560 2343; x_wconf 75' lang='lat' dir='ltr'>transpos.</span> <span class='ocrx_word' id='word_1_318' title='bbox 589 2301 634 2335; x_wconf 78' lang='lat' dir='ltr'>vd</span> <span class='ocrx_word' id='word_1_319' title='bbox 644 2301 678 2334; x_wconf 87' lang='lat' dir='ltr'><strong><em>V</em></strong></span> <span class='ocrx_word' id='word_1_320' title='bbox 683 2301 694 2333; x_wconf 83' lang='grc'>1</span> <span class='ocrx_word' id='word_1_321' title='bbox 877 2304 920 2334; x_wconf 74' lang='lat'>‘24</span> <span class='ocrx_word' id='word_1_322' title='bbox 960 2300 1115 2334; x_wconf 85' lang='lat' dir='ltr'>fecerint</span> <span class='ocrx_word' id='word_1_323' title='bbox 1148 2300 1304 2335; x_wconf 83' lang='lat' dir='ltr'>fecerint</span> <span class='ocrx_word' id='word_1_324' title='bbox 1336 2302 1449 2345; x_wconf 76' lang='lat' dir='ltr'>(alter.</span> 
     </span>
     <span class='ocr_line' id='line_1_42' title="bbox 93 2347 687 2390; baseline 0.003 -10"><span class='ocrx_word' id='word_1_325' title='bbox 93 2347 245 2390; x_wconf 69' lang='lat' dir='ltr'>influet.)</span> <span class='ocrx_word' id='word_1_326' title='bbox 368 2351 411 2380; x_wconf 77' lang='lat'>26</span> <span class='ocrx_word' id='word_1_327' title='bbox 439 2347 576 2381; x_wconf 82' lang='lat' dir='ltr'>sentias</span> <span class='ocrx_word' id='word_1_328' title='bbox 607 2348 687 2382; x_wconf 70' lang='lat' dir='ltr'>Occd</span> 
     </span>
    </p>
   </div>
   <div class='ocr_carea' id='block_1_9' title="bbox 1473 158 1496 181">
    <p class='ocr_par' dir='ltr' id='par_1_10' title="bbox 1473 158 1496 181">
     <span class='ocr_line' id='line_1_43' title="bbox 1473 158 1496 181; baseline 0 0"><span class='ocrx_word' id='word_1_329' title='bbox 1473 158 1496 181; x_wconf 74' lang='grc' dir='ltr'>Ι’,’</span> 
     </span>
    </p>
   </div>
   <div class='ocr_carea' id='block_1_10' title="bbox 1473 745 1506 770">
    <p class='ocr_par' dir='ltr' id='par_1_11' title="bbox 1473 745 1506 770">
     <span class='ocr_line' id='line_1_44' title="bbox 1473 745 1506 770; baseline 0.03 -1"><span class='ocrx_word' id='word_1_330' title='bbox 1473 745 1506 770; x_wconf 85' lang='grc'>10</span> 
     </span>
    </p>
   </div>
   <div class='ocr_carea' id='block_1_11' title="bbox 1473 1042 1504 1068">
    <p class='ocr_par' dir='ltr' id='par_1_12' title="bbox 1473 1042 1504 1068">
     <span class='ocr_line' id='line_1_45' title="bbox 1473 1042 1504 1068; baseline 0.032 -1"><span class='ocrx_word' id='word_1_331' title='bbox 1473 1042 1504 1068; x_wconf 87' lang='grc'>15</span> 
     </span>
    </p>
   </div>
   <div class='ocr_carea' id='block_1_12' title="bbox 1471 1341 1504 1366">
    <p class='ocr_par' dir='ltr' id='par_1_13' title="bbox 1471 1341 1504 1366">
     <span class='ocr_line' id='line_1_46' title="bbox 1471 1341 1504 1366; baseline 0 0"><span class='ocrx_word' id='word_1_332' title='bbox 1471 1341 1504 1366; x_wconf 80' lang='lat'>20</span> 
     </span>
    </p>
   </div>
   <div class='ocr_carea' id='block_1_13' title="bbox 1472 1640 1505 1665">
    <p class='ocr_par' dir='ltr' id='par_1_14' title="bbox 1472 1640 1505 1665">
     <span class='ocr_line' id='line_1_47' title="bbox 1472 1640 1505 1665; baseline -0.03 0"><span class='ocrx_word' id='word_1_333' title='bbox 1472 1640 1505 1665; x_wconf 75' lang='lat'>25</span> 
     </span>
    </p>
   </div>
  </div>
 </body>
</html>
